02RETORNO01COBRANCA       1202500017727X000000SIND EMP DE EDIF SP ZEL PORT C001BANCO DO BRASIL1304100000537                      000001040201093102  1449863                                                                                                                                                                                                                                              000001
700000000000000001202500017727X1449863                         1449863001074910410000001   03500000000000 1806130410                              000000000000000080023707730001404100000500000000000000000000000000000000000000000000000000000000000000000000000000000800000000000000000000000000000000000000000000000000030020000000000000          0000000000000000000000000000000000000000000000000010000002
700000000000000001202500017727X1449863                         1449863001149310410000001   03500000000000 1806130410                              000000000000000080023724230001404100000500000000000000000000000000000000000000000000000000000000000000000000000000000800000000000000000000000000000000000000000000000000030020000000000000          0000000000000000000000000000000000000000000000000010000003
700000000000000001202500017727X1449863                         1449863001772010410000001   03500000000000 1806130410                              000000000000000080010413680001404100000500000000000000000000000000000000000000000000000000000000000000000000000000000800000000000000000000000000000000000000000000000000030020000000000000          0000000000000000000000000000000000000000000000000010000004
700000000000000001202500017727X1449863                         1449863001979410410000001   03500000000000 1806130410                              000000000000000080010413720001404100000500000000000000000000000000000000000000000000000000000000000000000000000000000800000000000000000000000000000000000000000000000000030020000000000000          0000000000000000000000000000000000000000000000000010000005
700000000000000001202500017727X1449863                         1449863002051410410000001   03500000000000 1806130410                              000000000000000080034102850001404100000500000000000000000000000000000000000000000000000000000000000000000000000000000800000000000000000000000000000000000000000000000000030020000000000000          0000000000000000000000000000000000000000000000000010000006
700000000000000001202500017727X1449863                         1449863002673530710000001   03500000000000 1806130410                              000000000000000080010402600001404100000500000000000000000000000000000000000000000000000000000000000000000000000000000800000000000000000000000000000000000000000000000000030020000000000000          0000000000000000000000000000000000000000000000000010000007
700000000000000001202500017727X1449863                         1449863002673530810000001   03500000000000 1806130410                              000000000000000080010402600001404100000500000000000000000000000000000000000000000000000000000000000000000000000000000800000000000000000000000000000000000000000000000000030020000000000000          0000000000000000000000000000000000000000000000000010000008
700000000000000001202500017727X1449863                         1449863002993420410000001   03500000000000 1806130410                              000000000000000080000130392001404100000500000000000000000000000000000000000000000000000000000000000000000000000000000800000000000000000000000000000000000000000000000000030020000000000000          0000000000000000000000000000000000000000000000000008000009
700000000000000001202500017727X1449863                         1449863002993420510000001   03500000000000 1806130410                              000000000000000080000130392001404100000500000000000000000000000000000000000000000000000000000000000000000000000000000800000000000000000000000000000000000000000000000000030020000000000000          0000000000000000000000000000000000000000000000000008000010
700000000000000001202500017727X1449863                         1449863003004410410000001   03500000000000 1806130410                              000000000000000080034107410001404100000500000000000000000000000000000000000000000000000000000000000000000000000000000800000000000000000000000000000000000000000000000000030020000000000000          0000000000000000000000000000000000000000000000000010000011
700000000000000001202500017727X1449863                         1449863003218710410000001   03500000000000 1806130410                              000000000000000080023704980001404100000500000000000000000000000000000000000000000000000000000000000000000000000000000800000000000000000000000000000000000000000000000000030020000000000000          0000000000000000000000000000000000000000000000000010000012
700000000000000001202500017727X1449863                         1449863003589620410000001   03500000000000 1806130410                              000000000000000080034108660001404100000500000000000000000000000000000000000000000000000000000000000000000000000000000800000000000000000000000000000000000000000000000000030020000000000000          0000000000000000000000000000000000000000000000000010000013
700000000000000001202500017727X1449863                         1449863004029610410000001   03500000000000 1806130410                              000000000000000080023722720001404100000500000000000000000000000000000000000000000000000000000000000000000000000000000800000000000000000000000000000000000000000000000000030020000000000000          0000000000000000000000000000000000000000000000000010000014
700000000000000001202500017727X1449863                         1449863004029610510000001   03500000000000 1806130410                              000000000000000080023722720001404100000500000000000000000000000000000000000000000000000000000000000000000000000000000800000000000000000000000000000000000000000000000000030020000000000000          0000000000000000000000000000000000000000000000000010000015
700000000000000001202500017727X1449863                         1449863004194520410000001   03500000000000 1806130410                              000000000000000080010402530001404100000500000000000000000000000000000000000000000000000000000000000000000000000000000800000000000000000000000000000000000000000000000000030020000000000000          0000000000000000000000000000000000000000000000000010000016
700000000000000001202500017727X1449863                         1449863004433110410000001   03500000000000 1806130410                              000000000000000080006500010001404100000500000000000000000000000000000000000000000000000000000000000000000000000000000800000000000000000000000000000000000000000000000000030020000000000000          0000000000000000000000000000000000000000000000000010000017
700000000000000001202500017727X1449863                         1449863004478910410000001   03500000000000 1806130410                              000000000000000080010428880001404100000500000000000000000000000000000000000000000000000000000000000000000000000000000800000000000000000000000000000000000000000000000000030020000000000000          0000000000000000000000000000000000000000000000000010000018
700000000000000001202500017727X1449863                         1449863004502110410000001   03500000000000 1806130410                              000000000000000080023726210001404100000500000000000000000000000000000000000000000000000000000000000000000000000000000800000000000000000000000000000000000000000000000000030020000000000000          0000000000000000000000000000000000000000000000000010000019
700000000000000001202500017727X1449863                         1449863004609730410000001   03500000000000 1806130410                              000000000000000080023701280001404100000500000000000000000000000000000000000000000000000000000000000000000000000000000800000000000000000000000000000000000000000000000000030020000000000000          0000000000000000000000000000000000000000000000000010000020
700000000000000001202500017727X1449863                         1449863004615210410000001   03500000000000 1806130410                              000000000000000080034129440001404100000500000000000000000000000000000000000000000000000000000000000000000000000000000800000000000000000000000000000000000000000000000000030020000000000000          0000000000000000000000000000000000000000000000000010000021
700000000000000001202500017727X1449863                         1449863004616710410000001   03500000000000 1806130410                              000000000000000080023702930001404100000500000000000000000000000000000000000000000000000000000000000000000000000000000800000000000000000000000000000000000000000000000000030020000000000000          0000000000000000000000000000000000000000000000000010000022
700000000000000001202500017727X1449863                         1449863004628310410000001   03500000000000 1806130410                              000000000000000080023701260001404100000500000000000000000000000000000000000000000000000000000000000000000000000000000800000000000000000000000000000000000000000000000000030020000000000000          0000000000000000000000000000000000000000000000000010000023
700000000000000001202500017727X1449863                         1449863004630010410000001   03500000000000 1806130410                              000000000000000080023704320001404100000500000000000000000000000000000000000000000000000000000000000000000000000000000800000000000000000000000000000000000000000000000000030020000000000000          0000000000000000000000000000000000000000000000000010000024
700000000000000001202500017727X1449863                         1449863004630010510000001   03500000000000 1806130410                              000000000000000080023704320001404100000500000000000000000000000000000000000000000000000000000000000000000000000000000800000000000000000000000000000000000000000000000000030020000000000000          0000000000000000000000000000000000000000000000000010000025
9201001          000000000000000000000000000000          000000000000000000000000000000          000000000000000000000000000000          000000000000000000000000000000                                                  000000000000000000000000000000                                                                                                                                                   000026
