02RETORNO01COBRANCA       1202500017727X000000SINDICATO DOS EMPREGADOS DE ED001BANCO DO BRASIL0402100000492                      000000950201093102  1449863                                                                                                                                                                                                                                              000001
700000000000000001202500017727X1449863                         1449863000771310210000001   03500000000000 1806040210                              000000000000000080023700950000502100000500000000000000000000000000000000000000000000000000000000000000000000000000000800000000000000000000000000000000000000000000000000030020000000000000          0000000000000000000000000000000000000000000000000010000002
700000000000000001202500017727X1449863                         1449863001385710210000001   03500000000000 1806040210                              000000000000000080023706140000502100000500000000000000000000000000000000000000000000000000000000000000000000000000000800000000000000000000000000000000000000000000000000030020000000000000          0000000000000000000000000000000000000000000000000010000003
700000000000000001202500017727X1449863                         1449863001410510210000001   03500000000000 1806040210                              000000000000000080010432770000502100000500000000000000000000000000000000000000000000000000000000000000000000000000000800000000000000000000000000000000000000000000000000030020000000000000          0000000000000000000000000000000000000000000000000010000004
700000000000000001202500017727X1449863                         1449863002002610210000001   03500000000000 1806040210                              000000000000000080034101510000502100000500000000000000000000000000000000000000000000000000000000000000000000000000000800000000000000000000000000000000000000000000000000030020000000000000          0000000000000000000000000000000000000000000000000010000005
700000000000000001202500017727X1449863                         1449863002102320310000001   03500000000000 1806040210                              000000000000000080023700310000502100000500000000000000000000000000000000000000000000000000000000000000000000000000000800000000000000000000000000000000000000000000000000030020000000000000          0000000000000000000000000000000000000000000000000010000006
700000000000000001202500017727X1449863                         1449863002479910210000001   03500000000000 1806040210                              000000000000000080034107420000502100000500000000000000000000000000000000000000000000000000000000000000000000000000000800000000000000000000000000000000000000000000000000030020000000000000          0000000000000000000000000000000000000000000000000010000007
700000000000000001202500017727X1449863                         1449863002650210210000001   03500000000000 1806040210                              000000000000000080023701360000502100000500000000000000000000000000000000000000000000000000000000000000000000000000000800000000000000000000000000000000000000000000000000030020000000000000          0000000000000000000000000000000000000000000000000010000008
700000000000000001202500017727X1449863                         1449863002671010210000001   03500000000000 1806040210                              000000000000000080010402680000502100000500000000000000000000000000000000000000000000000000000000000000000000000000000800000000000000000000000000000000000000000000000000030020000000000000          0000000000000000000000000000000000000000000000000010000009
700000000000000001202500017727X1449863                         1449863002673530310000001   03500000000000 1806040210                              000000000000000080010440550000502100000500000000000000000000000000000000000000000000000000000000000000000000000000000800000000000000000000000000000000000000000000000000030020000000000000          0000000000000000000000000000000000000000000000000010000010
700000000000000001202500017727X1449863                         1449863002673530410000001   03500000000000 1806040210                              000000000000000080010440550000502100000500000000000000000000000000000000000000000000000000000000000000000000000000000800000000000000000000000000000000000000000000000000030020000000000000          0000000000000000000000000000000000000000000000000010000011
700000000000000001202500017727X1449863                         1449863002738610210000001   03500000000000 1806040210                              000000000000000080034106600000502100000500000000000000000000000000000000000000000000000000000000000000000000000000000800000000000000000000000000000000000000000000000000030020000000000000          0000000000000000000000000000000000000000000000000010000012
700000000000000001202500017727X1449863                         1449863002995810210000001   03500000000000 1806040210                              000000000000000080034179280000502100000500000000000000000000000000000000000000000000000000000000000000000000000000000800000000000000000000000000000000000000000000000000030020000000000000          0000000000000000000000000000000000000000000000000010000013
700000000000000001202500017727X1449863                         1449863003052010210000001   03500000000000 1806040210                              000000000000000100023721390000502100000500000000000000000000000000000000000000000000000000000000000000000000000000001000000000000000000000000000000000000000000000000000030020000000000000          0000000000000000000000000000000000000000000000000010000014
700000000000000001202500017727X1449863                         1449863003131210310000001   03500000000000 1806040210                              000000000000000080015105600000502100000500000000000000000000000000000000000000000000000000000000000000000000000000000800000000000000000000000000000000000000000000000000030020000000000000          0000000000000000000000000000000000000000000000000010000015
700000000000000001202500017727X1449863                         1449863003438220210000001   03500000000000 1806040210                              000000000000000080034101850000502100000500000000000000000000000000000000000000000000000000000000000000000000000000000800000000000000000000000000000000000000000000000000030020000000000000          0000000000000000000000000000000000000000000000000010000016
700000000000000001202500017727X1449863                         1449863004068140210000001   03500000000000 1806040210                              000000000000000080023709040000502100000500000000000000000000000000000000000000000000000000000000000000000000000000000800000000000000000000000000000000000000000000000000030020000000000000          0000000000000000000000000000000000000000000000000010000017
700000000000000001202500017727X1449863                         1449863004402010210000001   03500000000000 1806040210                              000000000000000080010413740000502100000500000000000000000000000000000000000000000000000000000000000000000000000000000800000000000000000000000000000000000000000000000000030020000000000000          0000000000000000000000000000000000000000000000000010000018
700000000000000001202500017727X1449863                         1449863004402010310000001   03500000000000 1806040210                              000000000000000100010413740000502100000500000000000000000000000000000000000000000000000000000000000000000000000000001000000000000000000000000000000000000000000000000000030020000000000000          0000000000000000000000000000000000000000000000000010000019
9201001          000000000000000000000000000000          000000000000000000000000000000          000000000000000000000000000000          000000000000000000000000000000                                                  000000000000000000000000000000                                                                                                                                                   000020
