02RETORNO01COBRANCA       1202500017727X000000SIND EMP DE EDIF SP ZEL PORT C001BANCO DO BRASIL0604100000532                      000001030201093102  1449863                                                                                                                                                                                                                                              000001
700000000000000001202500017727X1449863                         1449863000925810410000001   03500000000000 1806060410                              000000000000000080010413740000704100000500000000000000000000000000000000000000000000000000000000000000000000000000000800000000000000000000000000000000000000000000000000030020000000000000          0000000000000000000000000000000000000000000000000010000002
700000000000000001202500017727X1449863                         1449863001003910410000001   03500000000000 1806060410                              000000000000000080023701380000704100000500000000000000000000000000000000000000000000000000000000000000000000000000000800000000000000000000000000000000000000000000000000030020000000000000          0000000000000000000000000000000000000000000000000010000003
700000000000000001202500017727X1449863                         1449863001154010410000001   03500000000000 1806060410                              000000000000000080034101900000704100000500000000000000000000000000000000000000000000000000000000000000000000000000000800000000000000000000000000000000000000000000000000030020000000000000          0000000000000000000000000000000000000000000000000010000004
700000000000000001202500017727X1449863                         1449863001410510710000001   03500000000000 1806060410                              000000000000000080010432770000704100000500000000000000000000000000000000000000000000000000000000000000000000000000000800000000000000000000000000000000000000000000000000030020000000000000          0000000000000000000000000000000000000000000000000010000005
700000000000000001202500017727X1449863                         1449863001427310510000001   03500000000000 1806060410                              000000000000000080023724230000704100000500000000000000000000000000000000000000000000000000000000000000000000000000000800000000000000000000000000000000000000000000000000030020000000000000          0000000000000000000000000000000000000000000000000010000006
700000000000000001202500017727X1449863                         1449863001427310610000001   03500000000000 1806060410                              000000000000000080023724230000704100000500000000000000000000000000000000000000000000000000000000000000000000000000000800000000000000000000000000000000000000000000000000030020000000000000          0000000000000000000000000000000000000000000000000010000007
700000000000000001202500017727X1449863                         1449863001515110410000001   03500000000000 1806060410                              000000000000000080034166000000704100000500000000000000000000000000000000000000000000000000000000000000000000000000000800000000000000000000000000000000000000000000000000030020000000000000          0000000000000000000000000000000000000000000000000010000008
700000000000000001202500017727X1449863                         1449863001670310410000001   03500000000000 1806060410                              000000000000000080034103490000704100000500000000000000000000000000000000000000000000000000000000000000000000000000000800000000000000000000000000000000000000000000000000030020000000000000          0000000000000000000000000000000000000000000000000010000009
700000000000000001202500017727X1449863                         1449863001708010410000001   03500000000000 1806060410                              000000000000000080034103490000704100000500000000000000000000000000000000000000000000000000000000000000000000000000000800000000000000000000000000000000000000000000000000030020000000000000          0000000000000000000000000000000000000000000000000010000010
700000000000000001202500017727X1449863                         1449863001861210410000001   03500000000000 1806060410                              000000000000000080023705620000704100000500000000000000000000000000000000000000000000000000000000000000000000000000000800000000000000000000000000000000000000000000000000030020000000000000          0000000000000000000000000000000000000000000000000010000011
700000000000000001202500017727X1449863                         1449863001883110410000001   03500000000000 1806060410                              000000000000000080010413740000704100000500000000000000000000000000000000000000000000000000000000000000000000000000000800000000000000000000000000000000000000000000000000030020000000000000          0000000000000000000000000000000000000000000000000010000012
700000000000000001202500017727X1449863                         1449863001891310510000001   03500000000000 1806060410                              000000000000000080010413650000704100000500000000000000000000000000000000000000000000000000000000000000000000000000000800000000000000000000000000000000000000000000000000030020000000000000          0000000000000000000000000000000000000000000000000010000013
700000000000000001202500017727X1449863                         1449863002258620410000001   03500000000000 1806060410                              000000000000000080034101920000704100000500000000000000000000000000000000000000000000000000000000000000000000000000000800000000000000000000000000000000000000000000000000030020000000000000          0000000000000000000000000000000000000000000000000010000014
700000000000000001202500017727X1449863                         1449863002294610410000001   03500000000000 1806060410                              000000000000000080034102520000704100000500000000000000000000000000000000000000000000000000000000000000000000000000000800000000000000000000000000000000000000000000000000030020000000000000          0000000000000000000000000000000000000000000000000010000015
700000000000000001202500017727X1449863                         1449863002364810410000001   03500000000000 1806060410                              000000000000000080034104290000704100000500000000000000000000000000000000000000000000000000000000000000000000000000000800000000000000000000000000000000000000000000000000030020000000000000          0000000000000000000000000000000000000000000000000010000016
700000000000000001202500017727X1449863                         1449863002366910410000001   03500000000000 1806060410                              000000000000000080034107340000704100000500000000000000000000000000000000000000000000000000000000000000000000000000000800000000000000000000000000000000000000000000000000030020000000000000          0000000000000000000000000000000000000000000000000010000017
700000000000000001202500017727X1449863                         1449863002422310410000001   03500000000000 1806060410                              000000000000000080034103470000704100000500000000000000000000000000000000000000000000000000000000000000000000000000000800000000000000000000000000000000000000000000000000030020000000000000          0000000000000000000000000000000000000000000000000010000018
700000000000000001202500017727X1449863                         1449863002423310410000001   03500000000000 1806060410                              000000000000000080010430120000704100000500000000000000000000000000000000000000000000000000000000000000000000000000000800000000000000000000000000000000000000000000000000030020000000000000          0000000000000000000000000000000000000000000000000010000019
700000000000000001202500017727X1449863                         1449863002513010410000001   03500000000000 1806060410                              000000000000000080034101700000704100000500000000000000000000000000000000000000000000000000000000000000000000000000000800000000000000000000000000000000000000000000000000030020000000000000          0000000000000000000000000000000000000000000000000010000020
700000000000000001202500017727X1449863                         1449863002562110410000001   03500000000000 1806060410                              000000000000000080023702000000704100000500000000000000000000000000000000000000000000000000000000000000000000000000000800000000000000000000000000000000000000000000000000030020000000000000          0000000000000000000000000000000000000000000000000010000021
700000000000000001202500017727X1449863                         1449863002584210410000001   03500000000000 1806060410                              000000000000000080035607670000704100000500000000000000000000000000000000000000000000000000000000000000000000000000000800000000000000000000000000000000000000000000000000030020000000000000          0000000000000000000000000000000000000000000000000010000022
700000000000000001202500017727X1449863                         1449863002609220410000001   03500000000000 1806060410                              000000000000000080034101370000704100000500000000000000000000000000000000000000000000000000000000000000000000000000000800000000000000000000000000000000000000000000000000030020000000000000          0000000000000000000000000000000000000000000000000010000023
700000000000000001202500017727X1449863                         1449863002609610410000001   03500000000000 1806060410                              000000000000000080003306370000704100000500000000000000000000000000000000000000000000000000000000000000000000000000000800000000000000000000000000000000000000000000000000030020000000000000          0000000000000000000000000000000000000000000000000010000024
700000000000000001202500017727X1449863                         1449863002689130410000001   03500000000000 1806060410                              000000000000000080035617500000704100000500000000000000000000000000000000000000000000000000000000000000000000000000000800000000000000000000000000000000000000000000000000030020000000000000          0000000000000000000000000000000000000000000000000010000025
700000000000000001202500017727X1449863                         1449863002763410410000001   03500000000000 1806060410                              000000000000000080034103470000704100000500000000000000000000000000000000000000000000000000000000000000000000000000000800000000000000000000000000000000000000000000000000030020000000000000          0000000000000000000000000000000000000000000000000010000026
700000000000000001202500017727X1449863                         1449863002910510410000001   03500000000000 1806060410                              000000000000000080034107560000704100000500000000000000000000000000000000000000000000000000000000000000000000000000000800000000000000000000000000000000000000000000000000030020000000000000          0000000000000000000000000000000000000000000000000010000027
700000000000000001202500017727X1449863                         1449863002915710410000001   03500000000000 1806060410                              000000000000000080000140657000704100000500000000000000000000000000000000000000000000000000000000000000000000000000000800000000000000000000000000000000000000000000000000030020000000000000          0000000000000000000000000000000000000000000000000001000028
700000000000000001202500017727X1449863                         1449863003002420410000001   03500000000000 1806060410                              000000000000000080010418160000704100000500000000000000000000000000000000000000000000000000000000000000000000000000000800000000000000000000000000000000000000000000000000030020000000000000          0000000000000000000000000000000000000000000000000010000029
700000000000000001202500017727X1449863                         1449863003029510410000001   03500000000000 1806060410                              000000000000000080010413700000704100000500000000000000000000000000000000000000000000000000000000000000000000000000000800000000000000000000000000000000000000000000000000030020000000000000          0000000000000000000000000000000000000000000000000010000030
700000000000000001202500017727X1449863                         1449863003037310410000001   03500000000000 1806060410                              000000000000000080023728330000704100000500000000000000000000000000000000000000000000000000000000000000000000000000000800000000000000000000000000000000000000000000000000030020000000000000          0000000000000000000000000000000000000000000000000010000031
700000000000000001202500017727X1449863                         1449863003059310510000001   03500000000000 1806060410                              000000000000000080034104400000704100000500000000000000000000000000000000000000000000000000000000000000000000000000000800000000000000000000000000000000000000000000000000030020000000000000          0000000000000000000000000000000000000000000000000010000032
700000000000000001202500017727X1449863                         1449863003186310410000001   03500000000000 1806060410                              000000000000000080034101520000704100000500000000000000000000000000000000000000000000000000000000000000000000000000000800000000000000000000000000000000000000000000000000030020000000000000          0000000000000000000000000000000000000000000000000010000033
700000000000000001202500017727X1449863                         1449863003582020610000001   03500000000000 1806060410                              000000000000000080023700990000704100000500000000000000000000000000000000000000000000000000000000000000000000000000000800000000000000000000000000000000000000000000000000030020000000000000          0000000000000000000000000000000000000000000000000010000034
700000000000000001202500017727X1449863                         1449863003659810410000001   03500000000000 1806060410                              000000000000000080010402400000704100000500000000000000000000000000000000000000000000000000000000000000000000000000000800000000000000000000000000000000000000000000000000030020000000000000          0000000000000000000000000000000000000000000000000010000035
700000000000000001202500017727X1449863                         1449863003702410410000001   03500000000000 1806060410                              000000000000000080003302010000704100000500000000000000000000000000000000000000000000000000000000000000000000000000000800000000000000000000000000000000000000000000000000030020000000000000          0000000000000000000000000000000000000000000000000010000036
700000000000000001202500017727X1449863                         1449863003730810410000001   03500000000000 1806060410                              000000000000000080034103470000704100000500000000000000000000000000000000000000000000000000000000000000000000000000000800000000000000000000000000000000000000000000000000030020000000000000          0000000000000000000000000000000000000000000000000010000037
700000000000000001202500017727X1449863                         1449863003764210410000001   03500000000000 1806060410                              000000000000000080039909170000704100000500000000000000000000000000000000000000000000000000000000000000000000000000000800000000000000000000000000000000000000000000000000030020000000000000          0000000000000000000000000000000000000000000000000010000038
700000000000000001202500017727X1449863                         1449863003819120410000001   03500000000000 1806060410                              000000000000000080035602930000704100000500000000000000000000000000000000000000000000000000000000000000000000000000000800000000000000000000000000000000000000000000000000030020000000000000          0000000000000000000000000000000000000000000000000010000039
700000000000000001202500017727X1449863                         1449863003883110410000001   03500000000000 1806060410                              000000000000000080034116640000704100000500000000000000000000000000000000000000000000000000000000000000000000000000000800000000000000000000000000000000000000000000000000030020000000000000          0000000000000000000000000000000000000000000000000010000040
700000000000000001202500017727X1449863                         1449863003945330510000001   03500000000000 1806060410                              000000000000000080034129590000704100000500000000000000000000000000000000000000000000000000000000000000000000000000000800000000000000000000000000000000000000000000000000030020000000000000          0000000000000000000000000000000000000000000000000010000041
700000000000000001202500017727X1449863                         1449863003945330610000001   03500000000000 1806060410                              000000000000000080034129590000704100000500000000000000000000000000000000000000000000000000000000000000000000000000000800000000000000000000000000000000000000000000000000030020000000000000          0000000000000000000000000000000000000000000000000010000042
700000000000000001202500017727X1449863                         1449863003945330710000001   03500000000000 1806060410                              000000000000000080034129590000704100000500000000000000000000000000000000000000000000000000000000000000000000000000000800000000000000000000000000000000000000000000000000030020000000000000          0000000000000000000000000000000000000000000000000010000043
700000000000000001202500017727X1449863                         1449863004018610410000001   03500000000000 1806060410                              000000000000000080034116180000704100000500000000000000000000000000000000000000000000000000000000000000000000000000000800000000000000000000000000000000000000000000000000030020000000000000          0000000000000000000000000000000000000000000000000010000044
700000000000000001202500017727X1449863                         1449863004018610510000001   03500000000000 1806060410                              000000000000000080034116180000704100000500000000000000000000000000000000000000000000000000000000000000000000000000000800000000000000000000000000000000000000000000000000030020000000000000          0000000000000000000000000000000000000000000000000010000045
700000000000000001202500017727X1449863                         1449863004062110410000001   03500000000000 1806060410                              000000000000000080034107410000704100000500000000000000000000000000000000000000000000000000000000000000000000000000000800000000000000000000000000000000000000000000000000030020000000000000          0000000000000000000000000000000000000000000000000010000046
700000000000000001202500017727X1449863                         1449863004062110510000001   03500000000000 1806060410                              000000000000000080034107410000704100000500000000000000000000000000000000000000000000000000000000000000000000000000000800000000000000000000000000000000000000000000000000030020000000000000          0000000000000000000000000000000000000000000000000010000047
700000000000000001202500017727X1449863                         1449863004100110410000001   03500000000000 1806060410                              000000000000000080003320780000704100000500000000000000000000000000000000000000000000000000000000000000000000000000000800000000000000000000000000000000000000000000000000030020000000000000          0000000000000000000000000000000000000000000000000010000048
700000000000000001202500017727X1449863                         1449863004187110410000001   03500000000000 1806060410                              000000000000000080023700950000704100000500000000000000000000000000000000000000000000000000000000000000000000000000000800000000000000000000000000000000000000000000000000030020000000000000          0000000000000000000000000000000000000000000000000010000049
700000000000000001202500017727X1449863                         1449863004205210410000001   03500000000000 1806060410                              000000000000000080034101520000704100000500000000000000000000000000000000000000000000000000000000000000000000000000000800000000000000000000000000000000000000000000000000030020000000000000          0000000000000000000000000000000000000000000000000010000050
700000000000000001202500017727X1449863                         1449863004221310410000001   03500000000000 1806060410                              000000000000000080023714150000704100000500000000000000000000000000000000000000000000000000000000000000000000000000000800000000000000000000000000000000000000000000000000030020000000000000          0000000000000000000000000000000000000000000000000010000051
700000000000000001202500017727X1449863                         1449863004256810410000001   03500000000000 1806060410                              000000000000000080023701770000704100000500000000000000000000000000000000000000000000000000000000000000000000000000000800000000000000000000000000000000000000000000000000030020000000000000          0000000000000000000000000000000000000000000000000010000052
700000000000000001202500017727X1449863                         1449863004291720610000001   03500000000000 1806060410                              000000000000000080035601030000704100000500000000000000000000000000000000000000000000000000000000000000000000000000000800000000000000000000000000000000000000000000000000030020000000000000          0000000000000000000000000000000000000000000000000010000053
700000000000000001202500017727X1449863                         1449863004291720710000001   03500000000000 1806060410                              000000000000000080035601030000704100000500000000000000000000000000000000000000000000000000000000000000000000000000000800000000000000000000000000000000000000000000000000030020000000000000          0000000000000000000000000000000000000000000000000010000054
700000000000000001202500017727X1449863                         1449863004291720810000001   03500000000000 1806060410                              000000000000000080035601030000704100000500000000000000000000000000000000000000000000000000000000000000000000000000000800000000000000000000000000000000000000000000000000030020000000000000          0000000000000000000000000000000000000000000000000010000055
700000000000000001202500017727X1449863                         1449863004350510110000001   03500000000000 1806060410                              000000000000000080000115490000704100000500000000000000000000000000000000000000000000000000000000000000000000000000000917000000000011700000000000000000000000000000000000041720000000000000          0000000000000000000000000000000000000000000000000001000056
700000000000000001202500017727X1449863                         1449863004350510210000001   03500000000000 1806060410                              000000000000000080000115490000704100000500000000000000000000000000000000000000000000000000000000000000000000000000000860000000000006000000000000000000000000000000000000036020000000000000          0000000000000000000000000000000000000000000000000001000057
700000000000000001202500017727X1449863                         1449863004351610410000001   03500000000000 1806060410                              000000000000000080034101890000704100000500000000000000000000000000000000000000000000000000000000000000000000000000000800000000000000000000000000000000000000000000000000030020000000000000          0000000000000000000000000000000000000000000000000010000058
700000000000000001202500017727X1449863                         1449863004395420610000001   03500000000000 1806060410                              000000000000000080039903230000704100000500000000000000000000000000000000000000000000000000000000000000000000000000000800000000000000000000000000000000000000000000000000030020000000000000          0000000000000000000000000000000000000000000000000010000059
700000000000000001202500017727X1449863                         1449863004395420710000001   03500000000000 1806060410                              000000000000000080039903230000704100000500000000000000000000000000000000000000000000000000000000000000000000000000000800000000000000000000000000000000000000000000000000030020000000000000          0000000000000000000000000000000000000000000000000010000060
700000000000000001202500017727X1449863                         1449863004399510410000001   03500000000000 1806060410                              000000000000000080034178700000704100000500000000000000000000000000000000000000000000000000000000000000000000000000000800000000000000000000000000000000000000000000000000030020000000000000          0000000000000000000000000000000000000000000000000010000061
700000000000000001202500017727X1449863                         1449863004504210410000001   03500000000000 1806060410                              000000000000000080034100640000704100000500000000000000000000000000000000000000000000000000000000000000000000000000000800000000000000000000000000000000000000000000000000030020000000000000          0000000000000000000000000000000000000000000000000010000062
700000000000000001202500017727X1449863                         1449863004511110410000001   03500000000000 1806060410                              000000000000000080034102370000704100000500000000000000000000000000000000000000000000000000000000000000000000000000000800000000000000000000000000000000000000000000000000030020000000000000          0000000000000000000000000000000000000000000000000010000063
700000000000000001202500017727X1449863                         1449863004511210410000001   03500000000000 1806060410                              000000000000000080034116640000704100000500000000000000000000000000000000000000000000000000000000000000000000000000000800000000000000000000000000000000000000000000000000030020000000000000          0000000000000000000000000000000000000000000000000010000064
700000000000000001202500017727X1449863                         1449863004540130410000001   03500000000000 1806060410                              000000000000000080023727920000704100000500000000000000000000000000000000000000000000000000000000000000000000000000000800000000000000000000000000000000000000000000000000030020000000000000          0000000000000000000000000000000000000000000000000010000065
700000000000000001202500017727X1449863                         1449863004552010410000001   03500000000000 1806060410                              000000000000000080034186940000704100000500000000000000000000000000000000000000000000000000000000000000000000000000000800000000000000000000000000000000000000000000000000030020000000000000          0000000000000000000000000000000000000000000000000010000066
700000000000000001202500017727X1449863                         1449863004573810410000001   03500000000000 1806060410                              000000000000000080010429530000704100000500000000000000000000000000000000000000000000000000000000000000000000000000000800000000000000000000000000000000000000000000000000030020000000000000          0000000000000000000000000000000000000000000000000010000067
700000000000000001202500017727X1449863                         1449863004597610410000001   03500000000000 1806060410                              000000000000000080034129480000704100000500000000000000000000000000000000000000000000000000000000000000000000000000000800000000000000000000000000000000000000000000000000030020000000000000          0000000000000000000000000000000000000000000000000010000068
700000000000000001202500017727X1449863                         1449863004613110410000001   03500000000000 1806060410                              000000000000000080034107570000704100000500000000000000000000000000000000000000000000000000000000000000000000000000000800000000000000000000000000000000000000000000000000030020000000000000          0000000000000000000000000000000000000000000000000010000069
700000000000000001202500017727X1449863                         1449863004617710410000001   03500000000000 1806060410                              000000000000000080035607670000704100000500000000000000000000000000000000000000000000000000000000000000000000000000000800000000000000000000000000000000000000000000000000030020000000000000          0000000000000000000000000000000000000000000000000010000070
700000000000000001202500017727X1449863                         1449863004629320410000001   03500000000000 1806060410                              000000000000000080023714800000704100000500000000000000000000000000000000000000000000000000000000000000000000000000000800000000000000000000000000000000000000000000000000030020000000000000          0000000000000000000000000000000000000000000000000010000071
700000000000000001202500017727X1449863                         1449863004630610410000001   03500000000000 1806060410                              000000000000000080034184990000704100000500000000000000000000000000000000000000000000000000000000000000000000000000000800000000000000000000000000000000000000000000000000030020000000000000          0000000000000000000000000000000000000000000000000010000072
700000000000000001202500017727X1449863                         1449863004630610510000001   03500000000000 1806060410                              000000000000000080034184990000704100000500000000000000000000000000000000000000000000000000000000000000000000000000000800000000000000000000000000000000000000000000000000030020000000000000          0000000000000000000000000000000000000000000000000010000073
9201001          000000000000000000000000000000          000000000000000000000000000000          000000000000000000000000000000          000000000000000000000000000000                                                  000000000000000000000000000000                                                                                                                                                   000074
