02RETORNO01COBRANCA       1202500017727X284723SIND EMP DE EDIF SP ZEL PORT C001BANCO DO BRASIL0109100001749                      000001749201093102                                                                                                                                                                                                                                                       000001
100000000000000001202500017727X284723                         28472300054210000001   027000000 0000000000 1806010910          28472300054210000001000000000000003355923702000000209100000180000000000000000000000000000000000000000000000000000000000000000000000000033559000000000000000000000000000000000000000000000003337920000000000000          0000000000000000000000000000000000000000000000000010000002
100000000000000001202500017727X284723                         28472300099210000001   027000000 0000000000 1806010910          28472300099210000001000000000000002253439916560000209100000180000000000000000000000000000000000000000000000000000000000000000000000000022534000000000000000000000000000000000000000000000002235420000000000000          0000000000000000000000000000000000000000000000000010000003
100000000000000001202500017727X284723                         28472300116610000001   027000000 0000000000 1806010910          28472300116610000001000000000000006148410402510000209100000180000000000000000000000000000000000000000000000000000000000000000000000000061484000000000000000000000000000000000000000000000006130420000000000000          0000000000000000000000000000000000000000000000000010000004
100000000000000001202500017727X284723                         28472300156510000001   027000000 0000000000 1806010910          28472300156510000001000000000000002229123728520000209100000180000000000000000000000000000000000000000000000000000000000000000000000000022291000000000000000000000000000000000000000000000002211120000000000000          0000000000000000000000000000000000000000000000000010000005
100000000000000001202500017727X284723                         28472300239110000001   027000000 0000000000 1806010910          28472300239110000001000000000000002277934105930000209100000180000000000000000000000000000000000000000000000000000000000000000000000000022779000000000000000000000000000000000000000000000002259920000000000000          0000000000000000000000000000000000000000000000000010000006
100000000000000001202500017727X284723                         28472300255310000001   027000000 0000000000 1806010910          28472300255310000001000000000000001151135607270000209100000180000000000000000000000000000000000000000000000000000000000000000000000000011511000000000000000000000000000000000000000000000001133120000000000000          0000000000000000000000000000000000000000000000000010000007
9201001          000000000000000000000000000000          000000000000000000000000000000          000000000000000000000000000000          000000000000000000000000000000                                                  000000000000000000000000000000                                                                                                                                                   000421
