02RETORNO01COBRANCA       1202500017727X000000SIND EMP DE EDIF SP ZEL PORT C001BANCO DO BRASIL1603110000770                      000001505201093102  1449863                                                                                                                                                                                                                                              000001
700000000000000001202500017727X1449863                         1449863001057610910000001   03500000000000 1806160311                              000000000000000080034163840001703110000180000000000000000000000000000000000000000000000000000000000000000000000000000800000000000000000000000000000000000000000000000000062020000000000000          0000000000000000000000000000000000000000000000000010000002
700000000000000001202500017727X1449863                         1449863001214310310000001   03500000000000 1806160311                              000000000000000080034103680001703110000180000000000000000000000000000000000000000000000000000000000000000000000000000800000000000000000000000000000000000000000000000000062020000000000000          0000000000000000000000000000000000000000000000000010000003
700000000000000001202500017727X1449863                         1449863001451010310000001   03500000000000 1806160311                              000000000000000080034179280001703110000180000000000000000000000000000000000000000000000000000000000000000000000000000800000000000000000000000000000000000000000000000000062020000000000000          0000000000000000000000000000000000000000000000000010000004
700000000000000001202500017727X1449863                         1449863002213710310000001   03500000000000 1806160311                              000000000000000080034188460001703110000180000000000000000000000000000000000000000000000000000000000000000000000000000800000000000000000000000000000000000000000000000000062020000000000000          0000000000000000000000000000000000000000000000000010000005
700000000000000001202500017727X1449863                         1449863002335910310000001   03500000000000 1806160311                              000000000000000080034101700001703110000180000000000000000000000000000000000000000000000000000000000000000000000000000800000000000000000000000000000000000000000000000000062020000000000000          0000000000000000000000000000000000000000000000000010000006
700000000000000001202500017727X1449863                         1449863002773410710000001   03500000000000 1806160311                              000000000000000080003306960001703110000180000000000000000000000000000000000000000000000000000000000000000000000000000800000000000000000000000000000000000000000000000000062020000000000000          0000000000000000000000000000000000000000000000000010000007
700000000000000001202500017727X1449863                         1449863002773410810000001   03500000000000 1806160311                              000000000000000080003306960001703110000180000000000000000000000000000000000000000000000000000000000000000000000000000800000000000000000000000000000000000000000000000000062020000000000000          0000000000000000000000000000000000000000000000000010000008
700000000000000001202500017727X1449863                         1449863002773410910000001   03500000000000 1806160311                              000000000000000080003306960001703110000180000000000000000000000000000000000000000000000000000000000000000000000000000800000000000000000000000000000000000000000000000000062020000000000000          0000000000000000000000000000000000000000000000000010000009
700000000000000001202500017727X1449863                         1449863002773411010000001   03500000000000 1806160311                              000000000000000080003306960001703110000180000000000000000000000000000000000000000000000000000000000000000000000000000800000000000000000000000000000000000000000000000000062020000000000000          0000000000000000000000000000000000000000000000000010000010
700000000000000001202500017727X1449863                         1449863002773411110000001   03500000000000 1806160311                              000000000000000080003306960001703110000180000000000000000000000000000000000000000000000000000000000000000000000000000800000000000000000000000000000000000000000000000000062020000000000000          0000000000000000000000000000000000000000000000000010000011
700000000000000001202500017727X1449863                         1449863002773411210000001   03500000000000 1806160311                              000000000000000080003306960001703110000180000000000000000000000000000000000000000000000000000000000000000000000000000800000000000000000000000000000000000000000000000000062020000000000000          0000000000000000000000000000000000000000000000000010000012
700000000000000001202500017727X1449863                         1449863002776910310000001   03500000000000 1806160311                              000000000000000080023711290001703110000180000000000000000000000000000000000000000000000000000000000000000000000000000800000000000000000000000000000000000000000000000000062020000000000000          0000000000000000000000000000000000000000000000000010000013
700000000000000001202500017727X1449863                         1449863003627610310000001   03500000000000 1806160311                              000000000000000080023701190001703110000180000000000000000000000000000000000000000000000000000000000000000000000000000800000000000000000000000000000000000000000000000000062020000000000000          0000000000000000000000000000000000000000000000000010000014
700000000000000001202500017727X1449863                         1449863003627610410000001   03500000000000 1806160311                              000000000000000080023701190001703110000180000000000000000000000000000000000000000000000000000000000000000000000000000800000000000000000000000000000000000000000000000000062020000000000000          0000000000000000000000000000000000000000000000000010000015
700000000000000001202500017727X1449863                         1449863003645710310000001   03500000000000 1806160311                              000000000000000080034129250001703110000180000000000000000000000000000000000000000000000000000000000000000000000000000800000000000000000000000000000000000000000000000000062020000000000000          0000000000000000000000000000000000000000000000000010000016
700000000000000001202500017727X1449863                         1449863003645710410000001   03500000000000 1806160311                              000000000000000080034129250001703110000180000000000000000000000000000000000000000000000000000000000000000000000000000800000000000000000000000000000000000000000000000000062020000000000000          0000000000000000000000000000000000000000000000000010000017
700000000000000001202500017727X1449863                         1449863003645710510000001   03500000000000 1806160311                              000000000000000080034129250001703110000180000000000000000000000000000000000000000000000000000000000000000000000000000800000000000000000000000000000000000000000000000000062020000000000000          0000000000000000000000000000000000000000000000000010000018
700000000000000001202500017727X1449863                         1449863003645710610000001   03500000000000 1806160311                              000000000000000080034129250001703110000180000000000000000000000000000000000000000000000000000000000000000000000000000800000000000000000000000000000000000000000000000000062020000000000000          0000000000000000000000000000000000000000000000000010000019
700000000000000001202500017727X1449863                         1449863003645710710000001   03500000000000 1806160311                              000000000000000080034129250001703110000180000000000000000000000000000000000000000000000000000000000000000000000000000800000000000000000000000000000000000000000000000000062020000000000000          0000000000000000000000000000000000000000000000000010000020
700000000000000001202500017727X1449863                         1449863003842310310000001   03500000000000 1806160311                              000000000000000080023702000001703110000180000000000000000000000000000000000000000000000000000000000000000000000000000800000000000000000000000000000000000000000000000000062020000000000000          0000000000000000000000000000000000000000000000000010000021
700000000000000001202500017727X1449863                         1449863004000610310000001   03500000000000 1806160311                              000000000000000080034102870001703110000180000000000000000000000000000000000000000000000000000000000000000000000000000800000000000000000000000000000000000000000000000000062020000000000000          0000000000000000000000000000000000000000000000000010000022
700000000000000001202500017727X1449863                         1449863004220320310000001   03500000000000 1806160311                              000000000000000080023731340001703110000180000000000000000000000000000000000000000000000000000000000000000000000000000800000000000000000000000000000000000000000000000000062020000000000000          0000000000000000000000000000000000000000000000000010000023
700000000000000001202500017727X1449863                         1449863004220320410000001   03500000000000 1806160311                              000000000000000080023731340001703110000180000000000000000000000000000000000000000000000000000000000000000000000000000800000000000000000000000000000000000000000000000000062020000000000000          0000000000000000000000000000000000000000000000000010000024
700000000000000001202500017727X1449863                         1449863004755210310000001   03500000000000 1806160311                              000000000000000080034155900001703110000180000000000000000000000000000000000000000000000000000000000000000000000000000800000000000000000000000000000000000000000000000000062020000000000000          0000000000000000000000000000000000000000000000000010000025
700000000000000001202500017727X1449863                         1449863004773410310000001   03500000000000 1806160311                              000000000000000080023727240001703110000180000000000000000000000000000000000000000000000000000000000000000000000000000800000000000000000000000000000000000000000000000000062020000000000000          0000000000000000000000000000000000000000000000000010000026
700000000000000001202500017727X1449863                         1449863004801410310000001   03500000000000 1806160311                              000000000000000080034101700001703110000180000000000000000000000000000000000000000000000000000000000000000000000000000800000000000000000000000000000000000000000000000000062020000000000000          0000000000000000000000000000000000000000000000000010000027
700000000000000001202500017727X1449863                         1449863004801610310000001   03500000000000 1806160311                              000000000000000080034101700001703110000180000000000000000000000000000000000000000000000000000000000000000000000000000800000000000000000000000000000000000000000000000000062020000000000000          0000000000000000000000000000000000000000000000000010000028
700000000000000001202500017727X1449863                         1449863004801810310000001   03500000000000 1806160311                              000000000000000080034101700001703110000180000000000000000000000000000000000000000000000000000000000000000000000000000800000000000000000000000000000000000000000000000000062020000000000000          0000000000000000000000000000000000000000000000000010000029
700000000000000001202500017727X1449863                         1449863004802110410000001   03500000000000 1806160311                              000000000000000080034101700001703110000180000000000000000000000000000000000000000000000000000000000000000000000000000800000000000000000000000000000000000000000000000000062020000000000000          0000000000000000000000000000000000000000000000000010000030
700000000000000001202500017727X1449863                         1449863004803410310000001   03500000000000 1806160311                              000000000000000080034101700001703110000180000000000000000000000000000000000000000000000000000000000000000000000000000800000000000000000000000000000000000000000000000000062020000000000000          0000000000000000000000000000000000000000000000000010000031
700000000000000001202500017727X1449863                         1449863004803510310000001   03500000000000 1806160311                              000000000000000080034101700001703110000180000000000000000000000000000000000000000000000000000000000000000000000000000800000000000000000000000000000000000000000000000000062020000000000000          0000000000000000000000000000000000000000000000000010000032
700000000000000001202500017727X1449863                         1449863004805910410000001   03500000000000 1806160311                              000000000000000080034101700001703110000180000000000000000000000000000000000000000000000000000000000000000000000000000800000000000000000000000000000000000000000000000000062020000000000000          0000000000000000000000000000000000000000000000000010000033
700000000000000001202500017727X1449863                         1449863004814110410000001   03500000000000 1806160311                              000000000000000080040909600001703110000180000000000000000000000000000000000000000000000000000000000000000000000000000800000000000000000000000000000000000000000000000000062020000000000000          0000000000000000000000000000000000000000000000000010000034
700000000000000001202500017727X1449863                         1449863004814110510000001   03500000000000 1806160311                              000000000000000080040909600001703110000180000000000000000000000000000000000000000000000000000000000000000000000000000800000000000000000000000000000000000000000000000000062020000000000000          0000000000000000000000000000000000000000000000000010000035
700000000000000001202500017727X1449863                         1449863004814110610000001   03500000000000 1806160311                              000000000000000080040909600001703110000180000000000000000000000000000000000000000000000000000000000000000000000000000800000000000000000000000000000000000000000000000000062020000000000000          0000000000000000000000000000000000000000000000000010000036
9201001          000000000000000000000000000000          000000000000000000000000000000          000000000000000000000000000000          000000000000000000000000000000                                                  000000000000000000000000000000                                                                                                                                                   000037
