02RETORNO01COBRANCA       1202500017727X284723SIND EMP DE EDIF SP ZEL PORT C001BANCO DO BRASIL2803110001891                      000001891201093102                                                                                                                                                                                                                                                       000001
100000000000000001202500017727X28472321      0000000000420148300000000000010000001   027000000 0000000000 1806280311          00000000000010000001000000000000003714023711910002903110000180000000000000000000000000000000000000000000000000000000000000000000000000037140000000000000000000000000000000000000000000000003696020000000000000          0000000000000000000000000000000000000000000000000010000002
100000000000000001202500017727X28472321      0000000000420148400000000000010000001   027000000 0000000000 1806280311          00000000000010000001000000000000004442023711910002903110000180000000000000000000000000000000000000000000000000000000000000000000000000044420000000000000000000000000000000000000000000000004424020000000000000          0000000000000000000000000000000000000000000000000010000003
100000000000000001202500017727X28472321      0000000000420148600000000000010000001   027000000 0000000000 1806280311          00000000000010000001000000000000000888423711910002903110000180000000000000000000000000000000000000000000000000000000000000000000000000008884000000000000000000000000000000000000000000000000870420000000000000          0000000000000000000000000000000000000000000000000010000004
100000000000000001202500017727X28472321      0000000000425996000000000000010000001   027000000 0000000000 1806280311          00000000000010000001000000000000000306234102110002903110000180000000000000000000000000000000000000000000000000000000000000000000000000003062000000000000000000000000000000000000000000000000288220000000000000          0000000000000000000000000000000000000000000000000010000005
100000000000000001202500017727X28472321      0000000000426005000000000000010000004   027000000 0000000000 1806280311          00000000000010000004000000000000000101400148666002903110000225000000000000000000000000000000000000000000000000000000000000000000000000001115000000000010100000000000000000000000000000000000089020000000000000          0000000000000000000000000000000000000000000000000008000006
100000000000000001202500017727X28472321      0000000000426742500000000000010000001   027000000 0000000000 1806280311          00000000000010000001000000000000000439000130503002903110000225000000000000000000000000000000000000000000000000000000000000000000000000004829000000000043900000000000000000000000000000000000460420000000000000          0000000000000000000000000000000000000000000000000008000007
100000000000000001202500017727X28472321      0000000000426793700000000000010000001   027000000 0000000000 1806280311          00000000000010000001000000000000000174300168225002903110000225000000000000000000000000000000000000000000000000000000000000000000000000001917000000000017400000000000000000000000000000000000169220000000000000          0000000000000000000000000000000000000000000000000008000008
100000000000000001202500017727X28472321      0000000000427066300000000000010000001   027000000 0000000000 1806280311          00000000000010000001000000000000001196734107720002903110000180000000000000000000000000000000000000000000000000000000000000000000000000011967000000000000000000000000000000000000000000000001178720000000000000          0000000000000000000000000000000000000000000000000010000009
100000000000000001202500017727X28472321      0000000000427370600000000000010000001   027000000 0000000000 1806280311          00000000000010000001000000000000000162034116660002903110000180000000000000000000000000000000000000000000000000000000000000000000000000001620000000000000000000000000000000000000000000000000144020000000000000          0000000000000000000000000000000000000000000000000010000010
100000000000000001202500017727X28472321      0000000000427881300000000000010000001   027000000 0000000000 1806280311          00000000000010000001000000000000000888423711910002903110000180000000000000000000000000000000000000000000000000000000000000000000000000008884000000000000000000000000000000000000000000000000870420000000000000          0000000000000000000000000000000000000000000000000010000011
9201001          000000000000000000000000000000          000000000000000000000000000000          000000000000000000000000000000          000000000000000000000000000000                                                  000000000000000000000000000000                                                                                                                                                   000012
