02RETORNO01COBRANCA       1202500017727X000000SIND EMP DE EDIF SP ZEL PORT C001BANCO DO BRASIL2203110000774                      000001513201093102  1449863                                                                                                                                                                                                                                              000001
700000000000000001202500017727X1449863                         1449863000477510310000001   03500000000000 1806220311                              000000000000000080023714420002303110000180000000000000000000000000000000000000000000000000000000000000000000000000000800000000000000000000000000000000000000000000000000062020000000000000          0000000000000000000000000000000000000000000000000010000002
700000000000000001202500017727X1449863                         1449863000518110310000001   03500000000000 1806220311                              000000000000000080034106820002303110000180000000000000000000000000000000000000000000000000000000000000000000000000000800000000000000000000000000000000000000000000000000062020000000000000          0000000000000000000000000000000000000000000000000010000003
700000000000000001202500017727X1449863                         1449863001003410310000001   03500000000000 1806220311                              000000000000000080023703120002303110000180000000000000000000000000000000000000000000000000000000000000000000000000000800000000000000000000000000000000000000000000000000062020000000000000          0000000000000000000000000000000000000000000000000010000004
700000000000000001202500017727X1449863                         1449863001020410410000001   03500000000000 1806220311                              000000000000000080023704980002303110000180000000000000000000000000000000000000000000000000000000000000000000000000000800000000000000000000000000000000000000000000000000062020000000000000          0000000000000000000000000000000000000000000000000010000005
700000000000000001202500017727X1449863                         1449863001200510310000001   03500000000000 1806220311                              000000000000000080003302390002303110000180000000000000000000000000000000000000000000000000000000000000000000000000000800000000000000000000000000000000000000000000000000062020000000000000          0000000000000000000000000000000000000000000000000010000006
700000000000000001202500017727X1449863                         1449863001488610310000001   03500000000000 1806220311                              000000000000000080023715300002303110000180000000000000000000000000000000000000000000000000000000000000000000000000000800000000000000000000000000000000000000000000000000062020000000000000          0000000000000000000000000000000000000000000000000010000007
700000000000000001202500017727X1449863                         1449863001488610410000001   03500000000000 1806220311                              000000000000000080023715300002303110000180000000000000000000000000000000000000000000000000000000000000000000000000000800000000000000000000000000000000000000000000000000062020000000000000          0000000000000000000000000000000000000000000000000010000008
700000000000000001202500017727X1449863                         1449863001630210310000001   03500000000000 1806220311                              000000000000000080010402530002303110000180000000000000000000000000000000000000000000000000000000000000000000000000000800000000000000000000000000000000000000000000000000062020000000000000          0000000000000000000000000000000000000000000000000010000009
700000000000000001202500017727X1449863                         1449863001740210310000001   03500000000000 1806220311                              000000000000000080023712130002303110000180000000000000000000000000000000000000000000000000000000000000000000000000000800000000000000000000000000000000000000000000000000062020000000000000          0000000000000000000000000000000000000000000000000010000010
700000000000000001202500017727X1449863                         1449863001801410310000001   03500000000000 1806220311                              000000000000000080010440530002303110000180000000000000000000000000000000000000000000000000000000000000000000000000000800000000000000000000000000000000000000000000000000062020000000000000          0000000000000000000000000000000000000000000000000010000011
700000000000000001202500017727X1449863                         1449863001919310310000001   03500000000000 1806220311                              000000000000000080023702720002303110000180000000000000000000000000000000000000000000000000000000000000000000000000000800000000000000000000000000000000000000000000000000062020000000000000          0000000000000000000000000000000000000000000000000010000012
700000000000000001202500017727X1449863                         1449863002163210310000001   03500000000000 1806220311                              000000000000000080023730690002303110000180000000000000000000000000000000000000000000000000000000000000000000000000000800000000000000000000000000000000000000000000000000062020000000000000          0000000000000000000000000000000000000000000000000010000013
700000000000000001202500017727X1449863                         1449863002366910310000001   03500000000000 1806220311                              000000000000000080000128010002303110000180000000000000000000000000000000000000000000000000000000000000000000000000000800000000000000000000000000000000000000000000000000062020000000000000          0000000000000000000000000000000000000000000000000007000014
700000000000000001202500017727X1449863                         1449863002368210310000001   03500000000000 1806220311                              000000000000000080010416530002303110000180000000000000000000000000000000000000000000000000000000000000000000000000000800000000000000000000000000000000000000000000000000062020000000000000          0000000000000000000000000000000000000000000000000010000015
700000000000000001202500017727X1449863                         1449863002384730410000001   03500000000000 1806220311                              000000000000000080034100270002303110000180000000000000000000000000000000000000000000000000000000000000000000000000000800000000000000000000000000000000000000000000000000062020000000000000          0000000000000000000000000000000000000000000000000010000016
700000000000000001202500017727X1449863                         1449863002401610310000001   03500000000000 1806220311                              000000000000000080010416520002303110000180000000000000000000000000000000000000000000000000000000000000000000000000000800000000000000000000000000000000000000000000000000062020000000000000          0000000000000000000000000000000000000000000000000010000017
700000000000000001202500017727X1449863                         1449863002422310310000001   03500000000000 1806220311                              000000000000000080034103470002303110000180000000000000000000000000000000000000000000000000000000000000000000000000000800000000000000000000000000000000000000000000000000062020000000000000          0000000000000000000000000000000000000000000000000010000018
700000000000000001202500017727X1449863                         1449863002511510310000001   03500000000000 1806220311                              000000000000000080023720870002303110000180000000000000000000000000000000000000000000000000000000000000000000000000000800000000000000000000000000000000000000000000000000062020000000000000          0000000000000000000000000000000000000000000000000010000019
700000000000000001202500017727X1449863                         1449863002603110310000001   03500000000000 1806220311                              000000000000000080010402670002303110000180000000000000000000000000000000000000000000000000000000000000000000000000000800000000000000000000000000000000000000000000000000062020000000000000          0000000000000000000000000000000000000000000000000010000020
700000000000000001202500017727X1449863                         1449863002676830310000001   03500000000000 1806220311                              000000000000000080034107560002303110000180000000000000000000000000000000000000000000000000000000000000000000000000000800000000000000000000000000000000000000000000000000062020000000000000          0000000000000000000000000000000000000000000000000010000021
700000000000000001202500017727X1449863                         1449863002681510310000001   03500000000000 1806220311                              000000000000000080034116670002303110000180000000000000000000000000000000000000000000000000000000000000000000000000000800000000000000000000000000000000000000000000000000062020000000000000          0000000000000000000000000000000000000000000000000010000022
700000000000000001202500017727X1449863                         1449863002713610310000001   03500000000000 1806220311                              000000000000000080034163300002303110000180000000000000000000000000000000000000000000000000000000000000000000000000000800000000000000000000000000000000000000000000000000062020000000000000          0000000000000000000000000000000000000000000000000010000023
700000000000000001202500017727X1449863                         1449863002742910310000001   03500000000000 1806220311                              000000000000000080023706480002303110000180000000000000000000000000000000000000000000000000000000000000000000000000000800000000000000000000000000000000000000000000000000062020000000000000          0000000000000000000000000000000000000000000000000010000024
700000000000000001202500017727X1449863                         1449863002878410310000001   03500000000000 1806220311                              000000000000000080034107870002303110000180000000000000000000000000000000000000000000000000000000000000000000000000000800000000000000000000000000000000000000000000000000062020000000000000          0000000000000000000000000000000000000000000000000010000025
700000000000000001202500017727X1449863                         1449863003141910310000001   03500000000000 1806220311                              000000000000000080034101750002303110000180000000000000000000000000000000000000000000000000000000000000000000000000000800000000000000000000000000000000000000000000000000062020000000000000          0000000000000000000000000000000000000000000000000010000026
700000000000000001202500017727X1449863                         1449863003218110310000001   03500000000000 1806220311                              000000000000000080003320420002303110000180000000000000000000000000000000000000000000000000000000000000000000000000000800000000000000000000000000000000000000000000000000062020000000000000          0000000000000000000000000000000000000000000000000010000027
700000000000000001202500017727X1449863                         1449863003218110410000001   03500000000000 1806220311                              000000000000000080003320420002303110000180000000000000000000000000000000000000000000000000000000000000000000000000000800000000000000000000000000000000000000000000000000062020000000000000          0000000000000000000000000000000000000000000000000010000028
700000000000000001202500017727X1449863                         1449863003312550310000001   03500000000000 1806220311                              000000000000000080023702000002303110000180000000000000000000000000000000000000000000000000000000000000000000000000000800000000000000000000000000000000000000000000000000062020000000000000          0000000000000000000000000000000000000000000000000010000029
700000000000000001202500017727X1449863                         1449863003529810310000001   03500000000000 1806220311                              000000000000000080023726880002303110000180000000000000000000000000000000000000000000000000000000000000000000000000000800000000000000000000000000000000000000000000000000062020000000000000          0000000000000000000000000000000000000000000000000010000030
700000000000000001202500017727X1449863                         1449863003620710310000001   03500000000000 1806220311                              000000000000000080000127928002303110000180000000000000000000000000000000000000000000000000000000000000000000000000000800000000000000000000000000000000000000000000000000062020000000000000          0000000000000000000000000000000000000000000000000007000031
700000000000000001202500017727X1449863                         1449863003641010310000001   03500000000000 1806220311                              000000000000000080023731300002303110000180000000000000000000000000000000000000000000000000000000000000000000000000000800000000000000000000000000000000000000000000000000062020000000000000          0000000000000000000000000000000000000000000000000010000032
700000000000000001202500017727X1449863                         1449863003806610310000001   03500000000000 1806220311                              000000000000000080023700920002303110000180000000000000000000000000000000000000000000000000000000000000000000000000000800000000000000000000000000000000000000000000000000062020000000000000          0000000000000000000000000000000000000000000000000010000033
700000000000000001202500017727X1449863                         1449863003806610410000001   03500000000000 1806220311                              000000000000000080023700920002303110000180000000000000000000000000000000000000000000000000000000000000000000000000000800000000000000000000000000000000000000000000000000062020000000000000          0000000000000000000000000000000000000000000000000010000034
700000000000000001202500017727X1449863                         1449863004003410310000001   03500000000000 1806220311                              000000000000000080023701260002303110000180000000000000000000000000000000000000000000000000000000000000000000000000000800000000000000000000000000000000000000000000000000062020000000000000          0000000000000000000000000000000000000000000000000010000035
700000000000000001202500017727X1449863                         1449863004244330310000001   03500000000000 1806220311                              000000000000000080010402740002303110000180000000000000000000000000000000000000000000000000000000000000000000000000000800000000000000000000000000000000000000000000000000062020000000000000          0000000000000000000000000000000000000000000000000010000036
700000000000000001202500017727X1449863                         1449863004251310310000001   03500000000000 1806220311                              000000000000000080023728460002303110000180000000000000000000000000000000000000000000000000000000000000000000000000000800000000000000000000000000000000000000000000000000062020000000000000          0000000000000000000000000000000000000000000000000010000037
700000000000000001202500017727X1449863                         1449863004269810310000001   03500000000000 1806220311                              000000000000000080034101730002303110000180000000000000000000000000000000000000000000000000000000000000000000000000000800000000000000000000000000000000000000000000000000062020000000000000          0000000000000000000000000000000000000000000000000010000038
700000000000000001202500017727X1449863                         1449863004341710310000001   03500000000000 1806220311                              000000000000000080023724510002303110000180000000000000000000000000000000000000000000000000000000000000000000000000000800000000000000000000000000000000000000000000000000062020000000000000          0000000000000000000000000000000000000000000000000010000039
700000000000000001202500017727X1449863                         1449863004347010310000001   03500000000000 1806220311                              000000000000000080034103330002303110000180000000000000000000000000000000000000000000000000000000000000000000000000000800000000000000000000000000000000000000000000000000062020000000000000          0000000000000000000000000000000000000000000000000010000040
700000000000000001202500017727X1449863                         1449863004429210310000001   03500000000000 1806220311                              000000000000000080010430330002303110000180000000000000000000000000000000000000000000000000000000000000000000000000000800000000000000000000000000000000000000000000000000062020000000000000          0000000000000000000000000000000000000000000000000010000041
700000000000000001202500017727X1449863                         1449863004430010310000001   03500000000000 1806220311                              000000000000000080034101730002303110000180000000000000000000000000000000000000000000000000000000000000000000000000000800000000000000000000000000000000000000000000000000062020000000000000          0000000000000000000000000000000000000000000000000010000042
700000000000000001202500017727X1449863                         1449863004504910310000001   03500000000000 1806220311                              000000000000000080023701050002303110000180000000000000000000000000000000000000000000000000000000000000000000000000000800000000000000000000000000000000000000000000000000062020000000000000          0000000000000000000000000000000000000000000000000010000043
700000000000000001202500017727X1449863                         1449863004516610310000001   03500000000000 1806220311                              000000000000000080003302460002303110000180000000000000000000000000000000000000000000000000000000000000000000000000000800000000000000000000000000000000000000000000000000062020000000000000          0000000000000000000000000000000000000000000000000010000044
700000000000000001202500017727X1449863                         1449863004516610410000001   03500000000000 1806220311                              000000000000000080003302460002303110000180000000000000000000000000000000000000000000000000000000000000000000000000000800000000000000000000000000000000000000000000000000062020000000000000          0000000000000000000000000000000000000000000000000010000045
700000000000000001202500017727X1449863                         1449863004524810310000001   03500000000000 1806220311                              000000000000000080034101870002303110000180000000000000000000000000000000000000000000000000000000000000000000000000000800000000000000000000000000000000000000000000000000062020000000000000          0000000000000000000000000000000000000000000000000010000046
700000000000000001202500017727X1449863                         1449863004529530310000001   03500000000000 1806220311                              000000000000000080023700910002303110000180000000000000000000000000000000000000000000000000000000000000000000000000000800000000000000000000000000000000000000000000000000062020000000000000          0000000000000000000000000000000000000000000000000010000047
700000000000000001202500017727X1449863                         1449863004530420310000001   03500000000000 1806220311                              000000000000000080023714450002303110000180000000000000000000000000000000000000000000000000000000000000000000000000000800000000000000000000000000000000000000000000000000062020000000000000          0000000000000000000000000000000000000000000000000010000048
700000000000000001202500017727X1449863                         1449863004577920310000001   03500000000000 1806220311                              000000000000000080010413700002303110000180000000000000000000000000000000000000000000000000000000000000000000000000000800000000000000000000000000000000000000000000000000062020000000000000          0000000000000000000000000000000000000000000000000010000049
700000000000000001202500017727X1449863                         1449863004581510310000001   03500000000000 1806220311                              000000000000000080034100470002303110000180000000000000000000000000000000000000000000000000000000000000000000000000000800000000000000000000000000000000000000000000000000062020000000000000          0000000000000000000000000000000000000000000000000010000050
700000000000000001202500017727X1449863                         1449863004586620310000001   03500000000000 1806220311                              000000000000000080010406890002303110000180000000000000000000000000000000000000000000000000000000000000000000000000000800000000000000000000000000000000000000000000000000062020000000000000          0000000000000000000000000000000000000000000000000010000051
700000000000000001202500017727X1449863                         1449863004616610310000001   03500000000000 1806220311                              000000000000000080023704970002303110000180000000000000000000000000000000000000000000000000000000000000000000000000000800000000000000000000000000000000000000000000000000062020000000000000          0000000000000000000000000000000000000000000000000010000052
700000000000000001202500017727X1449863                         1449863004624110310000001   03500000000000 1806220311                              000000000000000080010430560002303110000180000000000000000000000000000000000000000000000000000000000000000000000000000800000000000000000000000000000000000000000000000000062020000000000000          0000000000000000000000000000000000000000000000000010000053
700000000000000001202500017727X1449863                         1449863004640810310000001   03500000000000 1806220311                              000000000000000080034148360002303110000180000000000000000000000000000000000000000000000000000000000000000000000000000800000000000000000000000000000000000000000000000000062020000000000000          0000000000000000000000000000000000000000000000000010000054
700000000000000001202500017727X1449863                         1449863004658610310000001   03500000000000 1806220311                              000000000000000080023730610002303110000180000000000000000000000000000000000000000000000000000000000000000000000000000800000000000000000000000000000000000000000000000000062020000000000000          0000000000000000000000000000000000000000000000000010000055
700000000000000001202500017727X1449863                         1449863004677710310000001   03500000000000 1806220311                              000000000000000080034101790002303110000180000000000000000000000000000000000000000000000000000000000000000000000000000800000000000000000000000000000000000000000000000000062020000000000000          0000000000000000000000000000000000000000000000000010000056
700000000000000001202500017727X1449863                         1449863004689610310000001   03500000000000 1806220311                              000000000000000080003333720002303110000180000000000000000000000000000000000000000000000000000000000000000000000000000800000000000000000000000000000000000000000000000000062020000000000000          0000000000000000000000000000000000000000000000000010000057
700000000000000001202500017727X1449863                         1449863004706810310000001   03500000000000 1806220311                              000000000000000080034188460002303110000180000000000000000000000000000000000000000000000000000000000000000000000000000800000000000000000000000000000000000000000000000000062020000000000000          0000000000000000000000000000000000000000000000000010000058
700000000000000001202500017727X1449863                         1449863004706810410000001   03500000000000 1806220311                              000000000000000080034188460002303110000180000000000000000000000000000000000000000000000000000000000000000000000000000800000000000000000000000000000000000000000000000000062020000000000000          0000000000000000000000000000000000000000000000000010000059
700000000000000001202500017727X1449863                         1449863004706810510000001   03500000000000 1806220311                              000000000000000080034188460002303110000180000000000000000000000000000000000000000000000000000000000000000000000000000800000000000000000000000000000000000000000000000000062020000000000000          0000000000000000000000000000000000000000000000000010000060
700000000000000001202500017727X1449863                         1449863004756810310000001   03500000000000 1806220311                              000000000000000080074500390002303110000180000000000000000000000000000000000000000000000000000000000000000000000000000800000000000000000000000000000000000000000000000000062020000000000000          0000000000000000000000000000000000000000000000000010000061
700000000000000001202500017727X1449863                         1449863004762810310000001   03500000000000 1806220311                              000000000000000080034181350002303110000180000000000000000000000000000000000000000000000000000000000000000000000000000800000000000000000000000000000000000000000000000000062020000000000000          0000000000000000000000000000000000000000000000000010000062
700000000000000001202500017727X1449863                         1449863004762810410000001   03500000000000 1806220311                              000000000000000080034181350002303110000180000000000000000000000000000000000000000000000000000000000000000000000000000800000000000000000000000000000000000000000000000000062020000000000000          0000000000000000000000000000000000000000000000000010000063
700000000000000001202500017727X1449863                         1449863004770710310000001   03500000000000 1806220311                              000000000000000080034130520002303110000180000000000000000000000000000000000000000000000000000000000000000000000000000800000000000000000000000000000000000000000000000000062020000000000000          0000000000000000000000000000000000000000000000000010000064
700000000000000001202500017727X1449863                         1449863004800610310000001   03500000000000 1806220311                              000000000000000080023705450002303110000180000000000000000000000000000000000000000000000000000000000000000000000000000800000000000000000000000000000000000000000000000000062020000000000000          0000000000000000000000000000000000000000000000000010000065
700000000000000001202500017727X1449863                         1449863004810110310000001   03500000000000 1806220311                              000000000000000080034103490002303110000180000000000000000000000000000000000000000000000000000000000000000000000000000800000000000000000000000000000000000000000000000000062020000000000000          0000000000000000000000000000000000000000000000000010000066
700000000000000001202500017727X1449863                         1449863004810910310000001   03500000000000 1806220311                              000000000000000080010406890002303110000180000000000000000000000000000000000000000000000000000000000000000000000000000800000000000000000000000000000000000000000000000000062020000000000000          0000000000000000000000000000000000000000000000000010000067
700000000000000001202500017727X1449863                         1449863004811110310000001   03500000000000 1806220311                              000000000000000080034186460002303110000180000000000000000000000000000000000000000000000000000000000000000000000000000800000000000000000000000000000000000000000000000000062020000000000000          0000000000000000000000000000000000000000000000000010000068
700000000000000001202500017727X1449863                         1449863004814810410000001   03500000000000 1806220311                              000000000000000080010431240002303110000180000000000000000000000000000000000000000000000000000000000000000000000000000800000000000000000000000000000000000000000000000000062020000000000000          0000000000000000000000000000000000000000000000000010000069
700000000000000001202500017727X1449863                         1449863004814810510000001   03500000000000 1806220311                              000000000000000080010431240002303110000180000000000000000000000000000000000000000000000000000000000000000000000000000800000000000000000000000000000000000000000000000000062020000000000000          0000000000000000000000000000000000000000000000000010000070
9201001          000000000000000000000000000000          000000000000000000000000000000          000000000000000000000000000000          000000000000000000000000000000                                                  000000000000000000000000000000                                                                                                                                                   000071
