02RETORNO01COBRANCA       1202500017727X284723SIND EMP DE EDIF SP ZEL PORT C001BANCO DO BRASIL2503110001890                      000001890201093102                                                                                                                                                                                                                                                       000001
100000000000000001202500017727X28472321      0000000000382599100000000000010000001   027000000 0000000000 1806250311          00000000000010000001000000000000000878323704230002803110000180000000000000000000000000000000000000000000000000000000000000000000000000008783000000000000000000000000000000000000000000000000860320000000000000          0000000000000000000000000000000000000000000000000010000002
100000000000000001202500017727X28472321      0000000000382599700000000000010000001   027000000 0000000000 1806250311          00000000000010000001000000000000000589923704230002803110000180000000000000000000000000000000000000000000000000000000000000000000000000005899000000000000000000000000000000000000000000000000571920000000000000          0000000000000000000000000000000000000000000000000010000003
100000000000000001202500017727X28472321      0000000000382601500000000000010000001   027000000 0000000000 1806250311          00000000000010000001000000000000001035323704230002803110000180000000000000000000000000000000000000000000000000000000000000000000000000010353000000000000000000000000000000000000000000000001017320000000000000          0000000000000000000000000000000000000000000000000010000004
100000000000000001202500017727X28472321      0000000000425994800000000000010000001   027000000 0000000000 1806250311          00000000000010000001000000000000000365734174810002803110000180000000000000000000000000000000000000000000000000000000000000000000000000003657000000000000000000000000000000000000000000000000347720000000000000          0000000000000000000000000000000000000000000000000010000005
100000000000000001202500017727X28472321      0000000000426028500000000000010000001   027000000 0000000000 1806250311          00000000000010000001000000000000000338634174570002803110000180000000000000000000000000000000000000000000000000000000000000000000000000003386000000000000000000000000000000000000000000000000320620000000000000          0000000000000000000000000000000000000000000000000010000006
100000000000000001202500017727X28472321      0000000000426035500000000000010000001   027000000 0000000000 1806250311          00000000000010000001000000000000000669734129230002803110000180000000000000000000000000000000000000000000000000000000000000000000000000006697000000000000000000000000000000000000000000000000651720000000000000          0000000000000000000000000000000000000000000000000010000007
100000000000000001202500017727X28472321      0000000000426036100000000000010000001   027000000 0000000000 1806250311          00000000000010000001000000000000001723634129230002803110000180000000000000000000000000000000000000000000000000000000000000000000000000017236000000000000000000000000000000000000000000000001705620000000000000          0000000000000000000000000000000000000000000000000010000008
100000000000000001202500017727X28472321      0000000000426090400000000000010000001   027000000 0000000000 1806250311          00000000000010000001000000000000000280434102490002803110000180000000000000000000000000000000000000000000000000000000000000000000000000002804000000000000000000000000000000000000000000000000262420000000000000          0000000000000000000000000000000000000000000000000010000009
100000000000000001202500017727X28472321      0000000000426102500000000000010000001   027000000 0000000000 1806250311          00000000000010000001000000000000000967503342580002803110000180000000000000000000000000000000000000000000000000000000000000000000000000009675000000000000000000000000000000000000000000000000949520000000000000          0000000000000000000000000000000000000000000000000010000010
100000000000000001202500017727X28472321      0000000000426117400000000000010000001   027000000 0000000000 1806250311          00000000000010000001000000000000000792610402360002803110000180000000000000000000000000000000000000000000000000000000000000000000000000007926000000000000000000000000000000000000000000000000774620000000000000          0000000000000000000000000000000000000000000000000010000011
100000000000000001202500017727X28472321      0000000000426124900000000000010000001   027000000 0000000000 1806250311          00000000000010000001000000000000000541434174810002803110000180000000000000000000000000000000000000000000000000000000000000000000000000005414000000000000000000000000000000000000000000000000523420000000000000          0000000000000000000000000000000000000000000000000010000012
100000000000000001202500017727X28472321      0000000000426139200000000000010000001   027000000 0000000000 1806250311          00000000000010000001000000000000000483634100470002803110000180000000000000000000000000000000000000000000000000000000000000000000000000004836000000000000000000000000000000000000000000000000465620000000000000          0000000000000000000000000000000000000000000000000010000013
100000000000000001202500017727X28472321      0000000000426164200000000000010000001   027000000 0000000000 1806250311          00000000000010000001000000000000000189534102490002803110000180000000000000000000000000000000000000000000000000000000000000000000000000001895000000000000000000000000000000000000000000000000171520000000000000          0000000000000000000000000000000000000000000000000010000014
100000000000000001202500017727X28472321      0000000000426188800000000000010000001   027000000 0000000000 1806250311          00000000000010000001000000000000000740634171130002803110000180000000000000000000000000000000000000000000000000000000000000000000000000007406000000000000000000000000000000000000000000000000722620000000000000          0000000000000000000000000000000000000000000000000010000015
100000000000000001202500017727X28472321      0000000000426190800000000000010000001   027000000 0000000000 1806250311          00000000000010000001000000000000000756423737900002803110000180000000000000000000000000000000000000000000000000000000000000000000000000007564000000000000000000000000000000000000000000000000738420000000000000          0000000000000000000000000000000000000000000000000010000016
100000000000000001202500017727X28472321      0000000000426201200000000000010000001   027000000 0000000000 1806250311          00000000000010000001000000000000000518123737900002803110000180000000000000000000000000000000000000000000000000000000000000000000000000005181000000000000000000000000000000000000000000000000500120000000000000          0000000000000000000000000000000000000000000000000010000017
100000000000000001202500017727X28472321      0000000000426243000000000000010000001   027000000 0000000000 1806250311          00000000000010000001000000000000000125534101940002803110000180000000000000000000000000000000000000000000000000000000000000000000000000001255000000000000000000000000000000000000000000000000107520000000000000          0000000000000000000000000000000000000000000000000010000018
100000000000000001202500017727X28472321      0000000000426317800000000000010000001   027000000 0000000000 1806250311          00000000000010000001000000000000000243234104400002803110000180000000000000000000000000000000000000000000000000000000000000000000000000002432000000000000000000000000000000000000000000000000225220000000000000          0000000000000000000000000000000000000000000000000010000019
100000000000000001202500017727X28472321      0000000000426318600000000000010000001   027000000 0000000000 1806250311          00000000000010000001000000000000000435434129230002803110000180000000000000000000000000000000000000000000000000000000000000000000000000004354000000000000000000000000000000000000000000000000417420000000000000          0000000000000000000000000000000000000000000000000010000020
100000000000000001202500017727X28472321      0000000000426321500000000000010000001   027000000 0000000000 1806250311          00000000000010000001000000000000000232834107750002803110000180000000000000000000000000000000000000000000000000000000000000000000000000002328000000000000000000000000000000000000000000000000214820000000000000          0000000000000000000000000000000000000000000000000010000021
100000000000000001202500017727X28472321      0000000000426345600000000000010000001   027000000 0000000000 1806250311          00000000000010000001000000000000000469423737900002803110000180000000000000000000000000000000000000000000000000000000000000000000000000004694000000000000000000000000000000000000000000000000451420000000000000          0000000000000000000000000000000000000000000000000010000022
100000000000000001202500017727X28472321      0000000000426386500000000000010000001   027000000 0000000000 1806250311          00000000000010000001000000000000000074034162380002803110000180000000000000000000000000000000000000000000000000000000000000000000000000000740000000000000000000000000000000000000000000000000056020000000000000          0000000000000000000000000000000000000000000000000010000023
100000000000000001202500017727X28472321      0000000000426391300000000000010000001   027000000 0000000000 1806250311          00000000000010000001000000000000000780534107410002803110000180000000000000000000000000000000000000000000000000000000000000000000000000007805000000000000000000000000000000000000000000000000762520000000000000          0000000000000000000000000000000000000000000000000010000024
100000000000000001202500017727X28472321      0000000000426421300000000000010000001   027000000 0000000000 1806250311          00000000000010000001000000000000000347923737900002803110000180000000000000000000000000000000000000000000000000000000000000000000000000003479000000000000000000000000000000000000000000000000329920000000000000          0000000000000000000000000000000000000000000000000010000025
100000000000000001202500017727X28472321      0000000000426443500000000000010000001   027000000 0000000000 1806250311          00000000000010000001000000000000000820123737900002803110000180000000000000000000000000000000000000000000000000000000000000000000000000008201000000000000000000000000000000000000000000000000802120000000000000          0000000000000000000000000000000000000000000000000010000026
100000000000000001202500017727X28472321      0000000000426474600000000000010000001   027000000 0000000000 1806250311          00000000000010000001000000000000000129134104400002803110000180000000000000000000000000000000000000000000000000000000000000000000000000001291000000000000000000000000000000000000000000000000111120000000000000          0000000000000000000000000000000000000000000000000010000027
100000000000000001202500017727X28472321      0000000000426485600000000000010000001   027000000 0000000000 1806250311          00000000000010000001000000000000000613634102850002803110000180000000000000000000000000000000000000000000000000000000000000000000000000006136000000000000000000000000000000000000000000000000595620000000000000          0000000000000000000000000000000000000000000000000010000028
100000000000000001202500017727X28472321      0000000000426486700000000000010000001   027000000 0000000000 1806250311          00000000000010000001000000000000001513423712390002803110000180000000000000000000000000000000000000000000000000000000000000000000000000015134000000000000000000000000000000000000000000000001495420000000000000          0000000000000000000000000000000000000000000000000010000029
100000000000000001202500017727X28472321      0000000000426500100000000000010000001   027000000 0000000000 1806250311          00000000000010000001000000000000000766123701330002803110000180000000000000000000000000000000000000000000000000000000000000000000000000007661000000000000000000000000000000000000000000000000748120000000000000          0000000000000000000000000000000000000000000000000010000030
100000000000000001202500017727X28472321      0000000000426535400000000000010000001   027000000 0000000000 1806250311          00000000000010000001000000000000000628134107400002803110000180000000000000000000000000000000000000000000000000000000000000000000000000006281000000000000000000000000000000000000000000000000610120000000000000          0000000000000000000000000000000000000000000000000010000031
100000000000000001202500017727X28472321      0000000000426541600000000000010000001   027000000 0000000000 1806250311          00000000000010000001000000000000000303734107750002803110000180000000000000000000000000000000000000000000000000000000000000000000000000003037000000000000000000000000000000000000000000000000285720000000000000          0000000000000000000000000000000000000000000000000010000032
100000000000000001202500017727X28472321      0000000000426574700000000000010000001   027000000 0000000000 1806250311          00000000000010000001000000000000000887834129230002803110000180000000000000000000000000000000000000000000000000000000000000000000000000008878000000000000000000000000000000000000000000000000869820000000000000          0000000000000000000000000000000000000000000000000010000033
100000000000000001202500017727X28472321      0000000000426596100000000000010000001   027000000 0000000000 1806250311          00000000000010000001000000000000000080834162380002803110000180000000000000000000000000000000000000000000000000000000000000000000000000000808000000000000000000000000000000000000000000000000062820000000000000          0000000000000000000000000000000000000000000000000010000034
100000000000000001202500017727X28472321      0000000000426732500000000000010000001   027000000 0000000000 1806250311          00000000000010000001000000000000001261923737900002803110000180000000000000000000000000000000000000000000000000000000000000000000000000012619000000000000000000000000000000000000000000000001243920000000000000          0000000000000000000000000000000000000000000000000010000035
100000000000000001202500017727X28472321      0000000000426761800000000000010000001   027000000 0000000000 1806250311          00000000000010000001000000000000001041634174810002803110000180000000000000000000000000000000000000000000000000000000000000000000000000010416000000000000000000000000000000000000000000000001023620000000000000          0000000000000000000000000000000000000000000000000010000036
100000000000000001202500017727X28472321      0000000000426783300000000000010000001   027000000 0000000000 1806250311          00000000000010000001000000000000000125534102490002803110000180000000000000000000000000000000000000000000000000000000000000000000000000001255000000000000000000000000000000000000000000000000107520000000000000          0000000000000000000000000000000000000000000000000010000037
100000000000000001202500017727X28472321      0000000000426826400000000000010000001   027000000 0000000000 1806250311          00000000000010000001000000000000000081234107410002803110000180000000000000000000000000000000000000000000000000000000000000000000000000000812000000000000000000000000000000000000000000000000063220000000000000          0000000000000000000000000000000000000000000000000010000038
100000000000000001202500017727X28472321      0000000000426864100000000000010000001   027000000 0000000000 1806250311          00000000000010000001000000000000000937923700950002803110000180000000000000000000000000000000000000000000000000000000000000000000000000009379000000000000000000000000000000000000000000000000919920000000000000          0000000000000000000000000000000000000000000000000010000039
100000000000000001202500017727X28472321      0000000000426882000000000000010000001   027000000 0000000000 1806250311          00000000000010000001000000000000000733123704230002803110000180000000000000000000000000000000000000000000000000000000000000000000000000007331000000000000000000000000000000000000000000000000715120000000000000          0000000000000000000000000000000000000000000000000010000040
100000000000000001202500017727X28472321      0000000000426912900000000000010000001   027000000 0000000000 1806250311          00000000000010000001000000000000000434603302450002803110000180000000000000000000000000000000000000000000000000000000000000000000000000004346000000000000000000000000000000000000000000000000416620000000000000          0000000000000000000000000000000000000000000000000010000041
100000000000000001202500017727X28472321      0000000000426913700000000000010000001   027000000 0000000000 1806250311          00000000000010000001000000000000002758434100040002803110000180000000000000000000000000000000000000000000000000000000000000000000000000027584000000000000000000000000000000000000000000000002740420000000000000          0000000000000000000000000000000000000000000000000010000042
100000000000000001202500017727X28472321      0000000000427046700000000000010000001   027000000 0000000000 1806250311          00000000000010000001000000000000001099534174570002803110000180000000000000000000000000000000000000000000000000000000000000000000000000010995000000000000000000000000000000000000000000000001081520000000000000          0000000000000000000000000000000000000000000000000010000043
100000000000000001202500017727X28472321      0000000000427050400000000000010000001   027000000 0000000000 1806250311          00000000000010000001000000000000000983100168152002803110000225000000000000000000000000000000000000000000000000000000000000000000000000009831000000000000000000000000000000000000000000000000960620000000000000          0000000000000000000000000000000000000000000000000008000044
100000000000000001202500017727X28472321      0000000000427213700000000000010000001   027000000 0000000000 1806250311          00000000000010000001000000000000000543534130990002803110000180000000000000000000000000000000000000000000000000000000000000000000000000005435000000000000000000000000000000000000000000000000525520000000000000          0000000000000000000000000000000000000000000000000010000045
100000000000000001202500017727X28472321      0000000000427232400000000000010000001   027000000 0000000000 1806250311          00000000000010000001000000000000000483634102490002803110000180000000000000000000000000000000000000000000000000000000000000000000000000004836000000000000000000000000000000000000000000000000465620000000000000          0000000000000000000000000000000000000000000000000010000046
100000000000000001202500017727X28472321      0000000000427287300000000000010000001   027000000 0000000000 1806250311          00000000000010000001000000000000000193534107750002803110000180000000000000000000000000000000000000000000000000000000000000000000000000001935000000000000000000000000000000000000000000000000175520000000000000          0000000000000000000000000000000000000000000000000010000047
100000000000000001202500017727X28472321      0000000000427382700000000000010000001   027000000 0000000000 1806250311          00000000000010000001000000000000000772603322070002803110000180000000000000000000000000000000000000000000000000000000000000000000000000007726000000000000000000000000000000000000000000000000754620000000000000          0000000000000000000000000000000000000000000000000010000048
100000000000000001202500017727X28472321      0000000000427399700000000000010000001   027000000 0000000000 1806250311          00000000000010000001000000000000001472734174810002803110000180000000000000000000000000000000000000000000000000000000000000000000000000014727000000000000000000000000000000000000000000000001454720000000000000          0000000000000000000000000000000000000000000000000010000049
100000000000000001202500017727X28472321      0000000000427409600000000000010000001   027000000 0000000000 1806250311          00000000000010000001000000000000000553734107750002803110000180000000000000000000000000000000000000000000000000000000000000000000000000005537000000000000000000000000000000000000000000000000535720000000000000          0000000000000000000000000000000000000000000000000010000050
100000000000000001202500017727X28472321      0000000000427439700000000000010000001   027000000 0000000000 1806250311          00000000000010000001000000000000000859534129230002803110000180000000000000000000000000000000000000000000000000000000000000000000000000008595000000000000000000000000000000000000000000000000841520000000000000          0000000000000000000000000000000000000000000000000010000051
100000000000000001202500017727X28472321      0000000000427454300000000000010000001   027000000 0000000000 1806250311          00000000000010000001000000000000000581534129230002803110000180000000000000000000000000000000000000000000000000000000000000000000000000005815000000000000000000000000000000000000000000000000563520000000000000          0000000000000000000000000000000000000000000000000010000052
100000000000000001202500017727X28472321      0000000000427478000000000000010000001   027000000 0000000000 1806250311          00000000000010000001000000000000000872134174810002803110000180000000000000000000000000000000000000000000000000000000000000000000000000008721000000000000000000000000000000000000000000000000854120000000000000          0000000000000000000000000000000000000000000000000010000053
100000000000000001202500017727X28472321      0000000000427541300000000000010000001   027000000 0000000000 1806250311          00000000000010000001000000000000000405034100040002803110000180000000000000000000000000000000000000000000000000000000000000000000000000004050000000000000000000000000000000000000000000000000387020000000000000          0000000000000000000000000000000000000000000000000010000054
100000000000000001202500017727X28472321      0000000000427555300000000000010000001   027000000 0000000000 1806250311          00000000000010000001000000000000000296534101880002803110000180000000000000000000000000000000000000000000000000000000000000000000000000002965000000000000000000000000000000000000000000000000278520000000000000          0000000000000000000000000000000000000000000000000010000055
100000000000000001202500017727X28472321      0000000000427576300000000000010000001   027000000 0000000000 1806250311          00000000000010000001000000000000000482934166800002803110000180000000000000000000000000000000000000000000000000000000000000000000000000004829000000000000000000000000000000000000000000000000464920000000000000          0000000000000000000000000000000000000000000000000010000056
100000000000000001202500017727X28472321      0000000000427587100000000000010000001   027000000 0000000000 1806250311          00000000000010000001000000000000000528634107750002803110000180000000000000000000000000000000000000000000000000000000000000000000000000005286000000000000000000000000000000000000000000000000510620000000000000          0000000000000000000000000000000000000000000000000010000057
100000000000000001202500017727X28472321      0000000000427608900000000000010000001   027000000 0000000000 1806250311          00000000000010000001000000000000001236100159471002803110000225000000000000000000000000000000000000000000000000000000000000000000000000013598000000000123700000000000000000000000000000000001337320000000000000          0000000000000000000000000000000000000000000000000008000058
100000000000000001202500017727X28472321      0000000000427622600000000000010000001   027000000 0000000000 1806250311          00000000000010000001000000000000000074003347520002803110000180000000000000000000000000000000000000000000000000000000000000000000000000000740000000000000000000000000000000000000000000000000056020000000000000          0000000000000000000000000000000000000000000000000010000059
100000000000000001202500017727X28472321      0000000000427626800000000000010000001   027000000 0000000000 1806250311          00000000000010000001000000000000000872734129230002803110000180000000000000000000000000000000000000000000000000000000000000000000000000008727000000000000000000000000000000000000000000000000854720000000000000          0000000000000000000000000000000000000000000000000010000060
100000000000000001202500017727X28472321      0000000000427698700000000000010000001   027000000 0000000000 1806250311          00000000000010000001000000000000001180634107450002803110000180000000000000000000000000000000000000000000000000000000000000000000000000011806000000000000000000000000000000000000000000000001162620000000000000          0000000000000000000000000000000000000000000000000010000061
100000000000000001202500017727X28472321      0000000000427725600000000000010000001   027000000 0000000000 1806250311          00000000000010000001000000000000000560210416170002803110000180000000000000000000000000000000000000000000000000000000000000000000000000005602000000000000000000000000000000000000000000000000542220000000000000          0000000000000000000000000000000000000000000000000010000062
100000000000000001202500017727X28472321      0000000000427800500000000000010000001   027000000 0000000000 1806250311          00000000000010000001000000000000000221534144650002803110000180000000000000000000000000000000000000000000000000000000000000000000000000002215000000000000000000000000000000000000000000000000203520000000000000          0000000000000000000000000000000000000000000000000010000063
100000000000000001202500017727X28472321      0000000000428041700000000000010000001   027000000 0000000000 1806250311          00000000000010000001000000000000000153910410860002803110000180000000000000000000000000000000000000000000000000000000000000000000000000001539000000000000000000000000000000000000000000000000135920000000000000          0000000000000000000000000000000000000000000000000010000064
100000000000000001202500017727X28472321      0000000000428163200000000000010000001   027000000 0000000000 1806250311          00000000000010000001000000000000000076100115415002803110000180000000000000000000000000000000000000000000000000000000000000000000000000000837000000000007600000000000000000000000000000000000065720000000000000          0000000000000000000000000000000000000000000000000001000065
100000000000000001202500017727X28472321      0000000000428266400000000000010000001   027000000 0000000000 1806250311          00000000000010000001000000000000000161634101880002803110000180000000000000000000000000000000000000000000000000000000000000000000000000001616000000000000000000000000000000000000000000000000143620000000000000          0000000000000000000000000000000000000000000000000010000066
100000000000000001202500017727X28472321      0000000000428273600000000000010000001   027000000 0000000000 1806250311          00000000000010000001000000000000000655734101880002803110000180000000000000000000000000000000000000000000000000000000000000000000000000006557000000000000000000000000000000000000000000000000637720000000000000          0000000000000000000000000000000000000000000000000010000067
100000000000000001202500017727X28472321      0000000000428332800000000000010000001   027000000 0000000000 1806250311          00000000000010000001000000000000000111434107750002803110000180000000000000000000000000000000000000000000000000000000000000000000000000001114000000000000000000000000000000000000000000000000093420000000000000          0000000000000000000000000000000000000000000000000010000068
100000000000000001202500017727X28472321      0000000000435420800000000000010000001   027000000 0000000000 1806250311          00000000000010000001000000000000000084803347520002803110000180000000000000000000000000000000000000000000000000000000000000000000000000000848000000000000000000000000000000000000000000000000066820000000000000          0000000000000000000000000000000000000000000000000010000069
9201001          000000000000000000000000000000          000000000000000000000000000000          000000000000000000000000000000          000000000000000000000000000000                                                  000000000000000000000000000000                                                                                                                                                   000070
