02RETORNO01COBRANCA       1202500017727X284723SIND EMP DE EDIF SP ZEL PORT C001BANCO DO BRASIL1403110001881                      000001881201093102                                                                                                                                                                                                                                                       000001
100000000000000001202500017727X28472321      0000000000399489800000000000010000001   027000000 0000000000 1806140311          00000000000010000001000000000000004101123733910001503110000180000000000000000000000000000000000000000000000000000000000000000000000000041011000000000000000000000000000000000000000000000004083120000000000000          0000000000000000000000000000000000000000000000000010000002
100000000000000001202500017727X28472321      0000000000425995800000000000010000001   027000000 0000000000 1806140311          00000000000010000001000000000000000140203339750001503110000180000000000000000000000000000000000000000000000000000000000000000000000000001402000000000000000000000000000000000000000000000000122220000000000000          0000000000000000000000000000000000000000000000000010000003
100000000000000001202500017727X28472321      0000000000426013000000000000010000001   027000000 0000000000 1806140311          00000000000010000001000000000000000232234107400001503110000180000000000000000000000000000000000000000000000000000000000000000000000000002322000000000000000000000000000000000000000000000000214220000000000000          0000000000000000000000000000000000000000000000000010000004
100000000000000001202500017727X28472321      0000000000426102000000000000010000001   027000000 0000000000 1806140311          00000000000010000001000000000000000228800135599001503110000225000000000000000000000000000000000000000000000000000000000000000000000000002517000000000022900000000000000000000000000000000000229220000000000000          0000000000000000000000000000000000000000000000000008000005
100000000000000001202500017727X28472321      0000000000426138800000000000010000001   027000000 0000000000 1806140311          00000000000010000001000000000000000145734103750001503110000180000000000000000000000000000000000000000000000000000000000000000000000000001457000000000000000000000000000000000000000000000000127720000000000000          0000000000000000000000000000000000000000000000000010000006
100000000000000001202500017727X28472321      0000000000426185000000000000010000001   027000000 0000000000 1806140311          00000000000010000001000000000000000077434107400001503110000180000000000000000000000000000000000000000000000000000000000000000000000000000774000000000000000000000000000000000000000000000000059420000000000000          0000000000000000000000000000000000000000000000000010000007
100000000000000001202500017727X28472321      0000000000426193900000000000010000001   027000000 0000000000 1806140311          00000000000010000001000000000000000081034102370001503110000180000000000000000000000000000000000000000000000000000000000000000000000000000810000000000000000000000000000000000000000000000000063020000000000000          0000000000000000000000000000000000000000000000000010000008
100000000000000001202500017727X28472321      0000000000426205800000000000010000001   027000000 0000000000 1806140311          00000000000010000001000000000000000087500105843001503110000225000000000000000000000000000000000000000000000000000000000000000000000000000962000000000008700000000000000000000000000000000000073720000000000000          0000000000000000000000000000000000000000000000000008000009
100000000000000001202500017727X28472321      0000000000426211800000000000010000001   027000000 0000000000 1806140311          00000000000010000001000000000000000736923726210001503110000180000000000000000000000000000000000000000000000000000000000000000000000000007369000000000000000000000000000000000000000000000000718920000000000000          0000000000000000000000000000000000000000000000000010000010
100000000000000001202500017727X28472321      0000000000426212700000000000010000001   027000000 0000000000 1806140311          00000000000010000001000000000000000387034103830001503110000180000000000000000000000000000000000000000000000000000000000000000000000000003870000000000000000000000000000000000000000000000000369020000000000000          0000000000000000000000000000000000000000000000000010000011
100000000000000001202500017727X28472321      0000000000426233700000000000010000001   027000000 0000000000 1806140311          00000000000010000001000000000000000309634107400001503110000180000000000000000000000000000000000000000000000000000000000000000000000000003096000000000000000000000000000000000000000000000000291620000000000000          0000000000000000000000000000000000000000000000000010000012
100000000000000001202500017727X28472321      0000000000426238200000000000010000001   027000000 0000000000 1806140311          00000000000010000001000000000000000155010402370001503110000180000000000000000000000000000000000000000000000000000000000000000000000000001550000000000000000000000000000000000000000000000000137020000000000000          0000000000000000000000000000000000000000000000000010000013
100000000000000001202500017727X28472321      0000000000426297200000000000010000001   027000000 0000000000 1806140311          00000000000010000001000000000000000086203301120001503110000180000000000000000000000000000000000000000000000000000000000000000000000000000862000000000000000000000000000000000000000000000000068220000000000000          0000000000000000000000000000000000000000000000000010000014
100000000000000001202500017727X28472321      0000000000426457400000000000010000001   027000000 0000000000 1806140311          00000000000010000001000000000000000856434106600001503110000180000000000000000000000000000000000000000000000000000000000000000000000000008564000000000000000000000000000000000000000000000000838420000000000000          0000000000000000000000000000000000000000000000000010000015
100000000000000001202500017727X28472321      0000000000426516400000000000010000001   027000000 0000000000 1806140311          00000000000010000001000000000000000461034107400001503110000180000000000000000000000000000000000000000000000000000000000000000000000000004610000000000000000000000000000000000000000000000000443020000000000000          0000000000000000000000000000000000000000000000000010000016
100000000000000001202500017727X28472321      0000000000426580900000000000010000001   027000000 0000000000 1806140311          00000000000010000001000000000000001151403339750001503110000180000000000000000000000000000000000000000000000000000000000000000000000000011514000000000000000000000000000000000000000000000001133420000000000000          0000000000000000000000000000000000000000000000000010000017
100000000000000001202500017727X28472321      0000000000426586000000000000010000001   027000000 0000000000 1806140311          00000000000010000001000000000000000325500157177001503110000225000000000000000000000000000000000000000000000000000000000000000000000000003580000000000032500000000000000000000000000000000000335520000000000000          0000000000000000000000000000000000000000000000000008000018
100000000000000001202500017727X28472321      0000000000426597700000000000010000001   027000000 0000000000 1806140311          00000000000010000001000000000000000714934106090001503110000180000000000000000000000000000000000000000000000000000000000000000000000000007149000000000000000000000000000000000000000000000000696920000000000000          0000000000000000000000000000000000000000000000000010000019
100000000000000001202500017727X28472321      0000000000426611100000000000010000001   027000000 0000000000 1806140311          00000000000010000001000000000000000393900106467001503110000225000000000000000000000000000000000000000000000000000000000000000000000000004333000000000039400000000000000000000000000000000000410820000000000000          0000000000000000000000000000000000000000000000000008000020
100000000000000001202500017727X28472321      0000000000426712600000000000010000001   027000000 0000000000 1806140311          00000000000010000001000000000000000074034107400001503110000180000000000000000000000000000000000000000000000000000000000000000000000000000740000000000000000000000000000000000000000000000000056020000000000000          0000000000000000000000000000000000000000000000000010000021
100000000000000001202500017727X28472321      0000000000426732400000000000010000001   027000000 0000000000 1806140311          00000000000010000001000000000000001201123700850001503110000180000000000000000000000000000000000000000000000000000000000000000000000000012011000000000000000000000000000000000000000000000001183120000000000000          0000000000000000000000000000000000000000000000000010000022
100000000000000001202500017727X28472321      0000000000426785900000000000010000001   027000000 0000000000 1806140311          00000000000010000001000000000000000491234102510001503110000180000000000000000000000000000000000000000000000000000000000000000000000000004912000000000000000000000000000000000000000000000000473220000000000000          0000000000000000000000000000000000000000000000000010000023
100000000000000001202500017727X28472321      0000000000426792400000000000010000001   027000000 0000000000 1806140311          00000000000010000001000000000000000447710440700001503110000180000000000000000000000000000000000000000000000000000000000000000000000000004477000000000000000000000000000000000000000000000000429720000000000000          0000000000000000000000000000000000000000000000000010000024
100000000000000001202500017727X28472321      0000000000426808000000000000010000001   027000000 0000000000 1806140311          00000000000010000001000000000000000260034102370001503110000180000000000000000000000000000000000000000000000000000000000000000000000000002600000000000000000000000000000000000000000000000000242020000000000000          0000000000000000000000000000000000000000000000000010000025
100000000000000001202500017727X28472321      0000000000426909700000000000010000001   027000000 0000000000 1806140311          00000000000010000001000000000000000461034104290001503110000180000000000000000000000000000000000000000000000000000000000000000000000000004610000000000000000000000000000000000000000000000000443020000000000000          0000000000000000000000000000000000000000000000000010000026
100000000000000001202500017727X28472321      0000000000426916700000000000010000001   027000000 0000000000 1806140311          00000000000010000001000000000000000387034107400001503110000180000000000000000000000000000000000000000000000000000000000000000000000000003870000000000000000000000000000000000000000000000000369020000000000000          0000000000000000000000000000000000000000000000000010000027
100000000000000001202500017727X28472321      0000000000426946700000000000010000001   027000000 0000000000 1806140311          00000000000010000001000000000000000547834106460001503110000180000000000000000000000000000000000000000000000000000000000000000000000000005478000000000000000000000000000000000000000000000000529820000000000000          0000000000000000000000000000000000000000000000000010000028
100000000000000001202500017727X28472321      0000000000426952500000000000010000001   027000000 0000000000 1806140311          00000000000010000001000000000000000800534187190001503110000180000000000000000000000000000000000000000000000000000000000000000000000000008005000000000000000000000000000000000000000000000000782520000000000000          0000000000000000000000000000000000000000000000000010000029
100000000000000001202500017727X28472321      0000000000426976400000000000010000001   027000000 0000000000 1806140311          00000000000010000001000000000000000584034104670001503110000180000000000000000000000000000000000000000000000000000000000000000000000000005840000000000000000000000000000000000000000000000000566020000000000000          0000000000000000000000000000000000000000000000000010000030
100000000000000001202500017727X28472321      0000000000426977100000000000010000001   027000000 0000000000 1806140311          00000000000010000001000000000000000152323726210001503110000180000000000000000000000000000000000000000000000000000000000000000000000000001523000000000000000000000000000000000000000000000000134320000000000000          0000000000000000000000000000000000000000000000000010000031
100000000000000001202500017727X28472321      0000000000426989100000000000010000001   027000000 0000000000 1806140311          00000000000010000001000000000000000080823711910001503110000180000000000000000000000000000000000000000000000000000000000000000000000000000808000000000000000000000000000000000000000000000000062820000000000000          0000000000000000000000000000000000000000000000000010000032
100000000000000001202500017727X28472321      0000000000426991400000000000010000001   027000000 0000000000 1806140311          00000000000010000001000000000000000273900148666001503110000225000000000000000000000000000000000000000000000000000000000000000000000000003013000000000027400000000000000000000000000000000000278820000000000000          0000000000000000000000000000000000000000000000000008000033
100000000000000001202500017727X28472321      0000000000427073400000000000010000001   027000000 0000000000 1806140311          00000000000010000001000000000000000305634129480001503110000180000000000000000000000000000000000000000000000000000000000000000000000000003056000000000000000000000000000000000000000000000000287620000000000000          0000000000000000000000000000000000000000000000000010000034
100000000000000001202500017727X28472321      0000000000427083300000000000010000001   027000000 0000000000 1806140311          00000000000010000001000000000000000234734156070001503110000180000000000000000000000000000000000000000000000000000000000000000000000000002347000000000000000000000000000000000000000000000000216720000000000000          0000000000000000000000000000000000000000000000000010000035
100000000000000001202500017727X28472321      0000000000427129600000000000010000001   027000000 0000000000 1806140311          00000000000010000001000000000000000930134101380001503110000180000000000000000000000000000000000000000000000000000000000000000000000000009301000000000000000000000000000000000000000000000000912120000000000000          0000000000000000000000000000000000000000000000000010000036
100000000000000001202500017727X28472321      0000000000427184200000000000010000001   027000000 0000000000 1806140311          00000000000010000001000000000000000253523704200001503110000180000000000000000000000000000000000000000000000000000000000000000000000000002535000000000000000000000000000000000000000000000000235520000000000000          0000000000000000000000000000000000000000000000000010000037
100000000000000001202500017727X28472321      0000000000427217700000000000010000001   027000000 0000000000 1806140311          00000000000010000001000000000000000750334100680001503110000180000000000000000000000000000000000000000000000000000000000000000000000000007503000000000000000000000000000000000000000000000000732320000000000000          0000000000000000000000000000000000000000000000000010000038
100000000000000001202500017727X28472321      0000000000427231700000000000010000001   027000000 0000000000 1806140311          00000000000010000001000000000000001328839903190001503110000180000000000000000000000000000000000000000000000000000000000000000000000000013288000000000000000000000000000000000000000000000001310820000000000000          0000000000000000000000000000000000000000000000000010000039
100000000000000001202500017727X28472321      0000000000427381300000000000010000001   027000000 0000000000 1806140311          00000000000010000001000000000000000795534103000001503110000180000000000000000000000000000000000000000000000000000000000000000000000000007955000000000000000000000000000000000000000000000000777520000000000000          0000000000000000000000000000000000000000000000000010000040
100000000000000001202500017727X28472321      0000000000427389600000000000010000001   027000000 0000000000 1806140311          00000000000010000001000000000000000305323701140001503110000180000000000000000000000000000000000000000000000000000000000000000000000000003053000000000000000000000000000000000000000000000000287320000000000000          0000000000000000000000000000000000000000000000000010000041
100000000000000001202500017727X28472321      0000000000427412000000000000010000001   027000000 0000000000 1806140311          00000000000010000001000000000000000907400148666001503110000225000000000000000000000000000000000000000000000000000000000000000000000000009074000000000000000000000000000000000000000000000000884920000000000000          0000000000000000000000000000000000000000000000000008000042
100000000000000001202500017727X28472321      0000000000427433300000000000010000001   027000000 0000000000 1806140311          00000000000010000001000000000000000887534128710001503110000180000000000000000000000000000000000000000000000000000000000000000000000000008875000000000000000000000000000000000000000000000000869520000000000000          0000000000000000000000000000000000000000000000000010000043
100000000000000001202500017727X28472321      0000000000427437100000000000010000001   027000000 0000000000 1806140311          00000000000010000001000000000000000120034100020001503110000180000000000000000000000000000000000000000000000000000000000000000000000000001200000000000000000000000000000000000000000000000000102020000000000000          0000000000000000000000000000000000000000000000000010000044
100000000000000001202500017727X28472321      0000000000427584400000000000010000001   027000000 0000000000 1806140311          00000000000010000001000000000000000834334129650001503110000180000000000000000000000000000000000000000000000000000000000000000000000000008343000000000000000000000000000000000000000000000000816320000000000000          0000000000000000000000000000000000000000000000000010000045
100000000000000001202500017727X28472321      0000000000427602900000000000010000001   027000000 0000000000 1806140311          00000000000010000001000000000000000114534107580001503110000180000000000000000000000000000000000000000000000000000000000000000000000000001145000000000000000000000000000000000000000000000000096520000000000000          0000000000000000000000000000000000000000000000000010000046
100000000000000001202500017727X28472321      0000000000427681500000000000010000001   027000000 0000000000 1806140311          00000000000010000001000000000000001424534104670001503110000180000000000000000000000000000000000000000000000000000000000000000000000000014245000000000000000000000000000000000000000000000001406520000000000000          0000000000000000000000000000000000000000000000000010000047
100000000000000001202500017727X28472321      0000000000427687100000000000010000001   027000000 0000000000 1806140311          00000000000010000001000000000000000165834102370001503110000180000000000000000000000000000000000000000000000000000000000000000000000000001658000000000000000000000000000000000000000000000000147820000000000000          0000000000000000000000000000000000000000000000000010000048
100000000000000001202500017727X28472321      0000000000427700600000000000010000001   027000000 0000000000 1806140311          00000000000010000001000000000000000796034106460001503110000180000000000000000000000000000000000000000000000000000000000000000000000000007960000000000000000000000000000000000000000000000000778020000000000000          0000000000000000000000000000000000000000000000000010000049
100000000000000001202500017727X28472321      0000000000427724400000000000010000001   027000000 0000000000 1806140311          00000000000010000001000000000000000244923728940001503110000180000000000000000000000000000000000000000000000000000000000000000000000000002449000000000000000000000000000000000000000000000000226920000000000000          0000000000000000000000000000000000000000000000000010000050
100000000000000001202500017727X28472321      0000000000427745700000000000010000001   027000000 0000000000 1806140311          00000000000010000001000000000000000119134178870001503110000180000000000000000000000000000000000000000000000000000000000000000000000000001191000000000000000000000000000000000000000000000000101120000000000000          0000000000000000000000000000000000000000000000000010000051
100000000000000001202500017727X28472321      0000000000427783200000000000010000001   027000000 0000000000 1806140311          00000000000010000001000000000000000098234106460001503110000180000000000000000000000000000000000000000000000000000000000000000000000000000982000000000000000000000000000000000000000000000000080220000000000000          0000000000000000000000000000000000000000000000000010000052
100000000000000001202500017727X28472321      0000000000427795400000000000010000001   027000000 0000000000 1806140311          00000000000010000001000000000000000765110433060001503110000180000000000000000000000000000000000000000000000000000000000000000000000000007651000000000000000000000000000000000000000000000000747120000000000000          0000000000000000000000000000000000000000000000000010000053
100000000000000001202500017727X28472321      0000000000427857100000000000010000001   027000000 0000000000 1806140311          00000000000010000001000000000000000495634101380001503110000180000000000000000000000000000000000000000000000000000000000000000000000000004956000000000000000000000000000000000000000000000000477620000000000000          0000000000000000000000000000000000000000000000000010000054
100000000000000001202500017727X28472321      0000000000428065300000000000010000001   027000000 0000000000 1806140311          00000000000010000001000000000000000198734106460001503110000180000000000000000000000000000000000000000000000000000000000000000000000000001987000000000000000000000000000000000000000000000000180720000000000000          0000000000000000000000000000000000000000000000000010000055
100000000000000001202500017727X28472321      0000000000428309500000000000010000001   027000000 0000000000 1806140311          00000000000010000001000000000000000193723728420001503110000180000000000000000000000000000000000000000000000000000000000000000000000000001937000000000000000000000000000000000000000000000000175720000000000000          0000000000000000000000000000000000000000000000000010000056
100000000000000001202500017727X284723                         28472319073210000001   027000000 0000000000 1806140311          28472319073210000001000000000000001305600115474001503110000180000000000000000000000000000000000000000000000000000000000000000000000000014083000000000102700000000000000000000000000000000001390320000000000000          0000000000000000000000000000000000000000000000000002000057
9201001          000000000000000000000000000000          000000000000000000000000000000          000000000000000000000000000000          000000000000000000000000000000                                                  000000000000000000000000000000                                                                                                                                                   000058
