02RETORNO01COBRANCA       1202500017727X000000SIND EMP DE EDIF SP ZEL PORT C001BANCO DO BRASIL2302110000757                      000001479201093102  1449863                                                                                                                                                                                                                                              000001
700000000000000001202500017727X1449863                         1449863001028510210000001   03500000000000 1806230211                              000000000000000080023724030002402110000180000000000000000000000000000000000000000000000000000000000000000000000000000800000000000000000000000000000000000000000000000000062020000000000000          0000000000000000000000000000000000000000000000000010000002
700000000000000001202500017727X1449863                         1449863001437210210000001   03500000000000 1806230211                              000000000000000080000157177002402110000225000000000000000000000000000000000000000000000000000000000000000000000000000800000000000000000000000000000000000000000000000000057520000000000000          0000000000000000000000000000000000000000000000000008000003
700000000000000001202500017727X1449863                         1449863001651310210000001   03500000000000 1806230211                              000000000000000080003302600002402110000180000000000000000000000000000000000000000000000000000000000000000000000000000800000000000000000000000000000000000000000000000000062020000000000000          0000000000000000000000000000000000000000000000000010000004
700000000000000001202500017727X1449863                         1449863001670310210000001   03500000000000 1806230211                              000000000000000080034103490002402110000180000000000000000000000000000000000000000000000000000000000000000000000000000800000000000000000000000000000000000000000000000000062020000000000000          0000000000000000000000000000000000000000000000000010000005
700000000000000001202500017727X1449863                         1449863001902610210000001   03500000000000 1806230211                              000000000000000080003307260002402110000180000000000000000000000000000000000000000000000000000000000000000000000000000800000000000000000000000000000000000000000000000000062020000000000000          0000000000000000000000000000000000000000000000000010000006
700000000000000001202500017727X1449863                         1449863002085410210000001   03500000000000 1806230211                              000000000000000080023725110002402110000180000000000000000000000000000000000000000000000000000000000000000000000000000800000000000000000000000000000000000000000000000000062020000000000000          0000000000000000000000000000000000000000000000000010000007
700000000000000001202500017727X1449863                         1449863002150710210000001   03500000000000 1806230211                              000000000000000080034105930002402110000180000000000000000000000000000000000000000000000000000000000000000000000000000800000000000000000000000000000000000000000000000000062020000000000000          0000000000000000000000000000000000000000000000000010000008
700000000000000001202500017727X1449863                         1449863002543910210000001   03500000000000 1806230211                              000000000000000080034179210002402110000180000000000000000000000000000000000000000000000000000000000000000000000000000800000000000000000000000000000000000000000000000000062020000000000000          0000000000000000000000000000000000000000000000000010000009
700000000000000001202500017727X1449863                         1449863002543910310000001   03500000000000 1806230211                              000000000000000080034179210002402110000180000000000000000000000000000000000000000000000000000000000000000000000000000800000000000000000000000000000000000000000000000000062020000000000000          0000000000000000000000000000000000000000000000000010000010
700000000000000001202500017727X1449863                         1449863002543910410000001   03500000000000 1806230211                              000000000000000080034179210002402110000180000000000000000000000000000000000000000000000000000000000000000000000000000800000000000000000000000000000000000000000000000000062020000000000000          0000000000000000000000000000000000000000000000000010000011
700000000000000001202500017727X1449863                         1449863002556620210000001   03500000000000 1806230211                              000000000000000080010416350002402110000180000000000000000000000000000000000000000000000000000000000000000000000000000800000000000000000000000000000000000000000000000000062020000000000000          0000000000000000000000000000000000000000000000000010000012
700000000000000001202500017727X1449863                         1449863003203930210000001   03500000000000 1806230211                              000000000000000080010441050002402110000180000000000000000000000000000000000000000000000000000000000000000000000000000800000000000000000000000000000000000000000000000000062020000000000000          0000000000000000000000000000000000000000000000000010000013
700000000000000001202500017727X1449863                         1449863003221310210000001   03500000000000 1806230211                              000000000000000080034107540002402110000180000000000000000000000000000000000000000000000000000000000000000000000000000800000000000000000000000000000000000000000000000000062020000000000000          0000000000000000000000000000000000000000000000000010000014
700000000000000001202500017727X1449863                         1449863003249410210000001   03500000000000 1806230211                              000000000000000080010430450002402110000180000000000000000000000000000000000000000000000000000000000000000000000000000800000000000000000000000000000000000000000000000000062020000000000000          0000000000000000000000000000000000000000000000000010000015
700000000000000001202500017727X1449863                         1449863003267110210000001   03500000000000 1806230211                              000000000000000080010416520002402110000180000000000000000000000000000000000000000000000000000000000000000000000000000800000000000000000000000000000000000000000000000000062020000000000000          0000000000000000000000000000000000000000000000000010000016
700000000000000001202500017727X1449863                         1449863003529810210000001   03500000000000 1806230211                              000000000000000080023700850002402110000180000000000000000000000000000000000000000000000000000000000000000000000000000800000000000000000000000000000000000000000000000000062020000000000000          0000000000000000000000000000000000000000000000000010000017
700000000000000001202500017727X1449863                         1449863003570210310000001   03500000000000 1806230211                              000000000000000080003302040002402110000180000000000000000000000000000000000000000000000000000000000000000000000000000800000000000000000000000000000000000000000000000000062020000000000000          0000000000000000000000000000000000000000000000000010000018
700000000000000001202500017727X1449863                         1449863003745110210000001   03500000000000 1806230211                              000000000000000080010429250002402110000180000000000000000000000000000000000000000000000000000000000000000000000000000800000000000000000000000000000000000000000000000000062020000000000000          0000000000000000000000000000000000000000000000000010000019
700000000000000001202500017727X1449863                         1449863003820010210000001   03500000000000 1806230211                              000000000000000080000157177002402110000225000000000000000000000000000000000000000000000000000000000000000000000000000800000000000000000000000000000000000000000000000000057520000000000000          0000000000000000000000000000000000000000000000000008000020
700000000000000001202500017727X1449863                         1449863003820010310000001   03500000000000 1806230211                              000000000000000080000157177002402110000225000000000000000000000000000000000000000000000000000000000000000000000000000800000000000000000000000000000000000000000000000000057520000000000000          0000000000000000000000000000000000000000000000000008000021
700000000000000001202500017727X1449863                         1449863003820010410000001   03500000000000 1806230211                              000000000000000080000157177002402110000225000000000000000000000000000000000000000000000000000000000000000000000000000800000000000000000000000000000000000000000000000000057520000000000000          0000000000000000000000000000000000000000000000000008000022
700000000000000001202500017727X1449863                         1449863003820010510000001   03500000000000 1806230211                              000000000000000080000157177002402110000225000000000000000000000000000000000000000000000000000000000000000000000000000800000000000000000000000000000000000000000000000000057520000000000000          0000000000000000000000000000000000000000000000000008000023
700000000000000001202500017727X1449863                         1449863003820010610000001   03500000000000 1806230211                              000000000000000080000157177002402110000225000000000000000000000000000000000000000000000000000000000000000000000000000800000000000000000000000000000000000000000000000000057520000000000000          0000000000000000000000000000000000000000000000000008000024
700000000000000001202500017727X1449863                         1449863003820010710000001   03500000000000 1806230211                              000000000000000080000157177002402110000225000000000000000000000000000000000000000000000000000000000000000000000000000800000000000000000000000000000000000000000000000000057520000000000000          0000000000000000000000000000000000000000000000000008000025
700000000000000001202500017727X1449863                         1449863003820010810000001   03500000000000 1806230211                              000000000000000080000157177002402110000225000000000000000000000000000000000000000000000000000000000000000000000000000800000000000000000000000000000000000000000000000000057520000000000000          0000000000000000000000000000000000000000000000000008000026
700000000000000001202500017727X1449863                         1449863003820010910000001   03500000000000 1806230211                              000000000000000080000157177002402110000225000000000000000000000000000000000000000000000000000000000000000000000000000800000000000000000000000000000000000000000000000000057520000000000000          0000000000000000000000000000000000000000000000000008000027
700000000000000001202500017727X1449863                         1449863003820011010000001   03500000000000 1806230211                              000000000000000080000157177002402110000225000000000000000000000000000000000000000000000000000000000000000000000000000800000000000000000000000000000000000000000000000000057520000000000000          0000000000000000000000000000000000000000000000000008000028
700000000000000001202500017727X1449863                         1449863003820011110000001   03500000000000 1806230211                              000000000000000080000157177002402110000225000000000000000000000000000000000000000000000000000000000000000000000000000800000000000000000000000000000000000000000000000000057520000000000000          0000000000000000000000000000000000000000000000000008000029
700000000000000001202500017727X1449863                         1449863003820011210000001   03500000000000 1806230211                              000000000000000080000157177002402110000225000000000000000000000000000000000000000000000000000000000000000000000000000800000000000000000000000000000000000000000000000000057520000000000000          0000000000000000000000000000000000000000000000000008000030
700000000000000001202500017727X1449863                         1449863003945220210000001   03500000000000 1806230211                              000000000000000080034116670002402110000180000000000000000000000000000000000000000000000000000000000000000000000000000800000000000000000000000000000000000000000000000000062020000000000000          0000000000000000000000000000000000000000000000000010000031
700000000000000001202500017727X1449863                         1449863004251310210000001   03500000000000 1806230211                              000000000000000080023728460002402110000180000000000000000000000000000000000000000000000000000000000000000000000000000800000000000000000000000000000000000000000000000000062020000000000000          0000000000000000000000000000000000000000000000000010000032
700000000000000001202500017727X1449863                         1449863004256810210000001   03500000000000 1806230211                              000000000000000080023704490002402110000180000000000000000000000000000000000000000000000000000000000000000000000000000800000000000000000000000000000000000000000000000000062020000000000000          0000000000000000000000000000000000000000000000000010000033
700000000000000001202500017727X1449863                         1449863004266610310000001   03500000000000 1806230211                              000000000000000080023712200002402110000180000000000000000000000000000000000000000000000000000000000000000000000000000800000000000000000000000000000000000000000000000000062020000000000000          0000000000000000000000000000000000000000000000000010000034
700000000000000001202500017727X1449863                         1449863004392810210000001   03500000000000 1806230211                              000000000000000080003342550002402110000180000000000000000000000000000000000000000000000000000000000000000000000000000800000000000000000000000000000000000000000000000000062020000000000000          0000000000000000000000000000000000000000000000000010000035
700000000000000001202500017727X1449863                         1449863004441010310000001   03500000000000 1806230211                              000000000000000080023714490002402110000180000000000000000000000000000000000000000000000000000000000000000000000000000800000000000000000000000000000000000000000000000000062020000000000000          0000000000000000000000000000000000000000000000000010000036
700000000000000001202500017727X1449863                         1449863004441010410000001   03500000000000 1806230211                              000000000000000080023714490002402110000180000000000000000000000000000000000000000000000000000000000000000000000000000800000000000000000000000000000000000000000000000000062020000000000000          0000000000000000000000000000000000000000000000000010000037
700000000000000001202500017727X1449863                         1449863004499330210000001   03500000000000 1806230211                              000000000000000080034171290002402110000180000000000000000000000000000000000000000000000000000000000000000000000000000800000000000000000000000000000000000000000000000000062020000000000000          0000000000000000000000000000000000000000000000000010000038
700000000000000001202500017727X1449863                         1449863004500310210000001   03500000000000 1806230211                              000000000000000080010413710002402110000180000000000000000000000000000000000000000000000000000000000000000000000000000800000000000000000000000000000000000000000000000000062020000000000000          0000000000000000000000000000000000000000000000000010000039
700000000000000001202500017727X1449863                         1449863004527510210000001   03500000000000 1806230211                              000000000000000080034101380002402110000180000000000000000000000000000000000000000000000000000000000000000000000000000800000000000000000000000000000000000000000000000000062020000000000000          0000000000000000000000000000000000000000000000000010000040
700000000000000001202500017727X1449863                         1449863004544910210000001   03500000000000 1806230211                              000000000000000080010416030002402110000180000000000000000000000000000000000000000000000000000000000000000000000000000800000000000000000000000000000000000000000000000000062020000000000000          0000000000000000000000000000000000000000000000000010000041
700000000000000001202500017727X1449863                         1449863004634210210000001   03500000000000 1806230211                              000000000000000080034129350002402110000180000000000000000000000000000000000000000000000000000000000000000000000000000800000000000000000000000000000000000000000000000000062020000000000000          0000000000000000000000000000000000000000000000000010000042
700000000000000001202500017727X1449863                         1449863004641910210000001   03500000000000 1806230211                              000000000000000080023721390002402110000180000000000000000000000000000000000000000000000000000000000000000000000000000800000000000000000000000000000000000000000000000000062020000000000000          0000000000000000000000000000000000000000000000000010000043
700000000000000001202500017727X1449863                         1449863004644910210000001   03500000000000 1806230211                              000000000000000080023705050002402110000180000000000000000000000000000000000000000000000000000000000000000000000000000800000000000000000000000000000000000000000000000000062020000000000000          0000000000000000000000000000000000000000000000000010000044
700000000000000001202500017727X1449863                         1449863004660820210000001   03500000000000 1806230211                              000000000000000080034186670002402110000180000000000000000000000000000000000000000000000000000000000000000000000000000800000000000000000000000000000000000000000000000000062020000000000000          0000000000000000000000000000000000000000000000000010000045
700000000000000001202500017727X1449863                         1449863004674710210000001   03500000000000 1806230211                              000000000000000080034100810002402110000180000000000000000000000000000000000000000000000000000000000000000000000000000800000000000000000000000000000000000000000000000000062020000000000000          0000000000000000000000000000000000000000000000000010000046
700000000000000001202500017727X1449863                         1449863004682540210000001   03500000000000 1806230211                              000000000000000080010441050002402110000180000000000000000000000000000000000000000000000000000000000000000000000000000800000000000000000000000000000000000000000000000000062020000000000000          0000000000000000000000000000000000000000000000000010000047
700000000000000001202500017727X1449863                         1449863004682710210000001   03500000000000 1806230211                              000000000000000080034185140002402110000180000000000000000000000000000000000000000000000000000000000000000000000000000800000000000000000000000000000000000000000000000000062020000000000000          0000000000000000000000000000000000000000000000000010000048
700000000000000001202500017727X1449863                         1449863004713210210000001   03500000000000 1806230211                              000000000000000080010441390002402110000180000000000000000000000000000000000000000000000000000000000000000000000000000800000000000000000000000000000000000000000000000000062020000000000000          0000000000000000000000000000000000000000000000000010000049
700000000000000001202500017727X1449863                         1449863004762810210000001   03500000000000 1806230211                              000000000000000080034181350002402110000180000000000000000000000000000000000000000000000000000000000000000000000000000800000000000000000000000000000000000000000000000000062020000000000000          0000000000000000000000000000000000000000000000000010000050
700000000000000001202500017727X1449863                         1449863004767740210000001   03500000000000 1806230211                              000000000000000080023708240002402110000180000000000000000000000000000000000000000000000000000000000000000000000000000800000000000000000000000000000000000000000000000000062020000000000000          0000000000000000000000000000000000000000000000000010000051
700000000000000001202500017727X1449863                         1449863004770230210000001   03500000000000 1806230211                              000000000000000080023728570002402110000180000000000000000000000000000000000000000000000000000000000000000000000000000800000000000000000000000000000000000000000000000000062020000000000000          0000000000000000000000000000000000000000000000000010000052
700000000000000001202500017727X1449863                         1449863004787520210000001   03500000000000 1806230211                              000000000000000080034182520002402110000180000000000000000000000000000000000000000000000000000000000000000000000000000800000000000000000000000000000000000000000000000000062020000000000000          0000000000000000000000000000000000000000000000000010000053
9201001          000000000000000000000000000000          000000000000000000000000000000          000000000000000000000000000000          000000000000000000000000000000                                                  000000000000000000000000000000                                                                                                                                                   000054
