02RETORNO01COBRANCA       1202500017727X284723SIND EMP DE EDIF SP ZEL PORT C001BANCO DO BRASIL2103110001886                      000001886201093102                                                                                                                                                                                                                                                       000001
100000000000000001202500017727X28472321      0000000000416833100000000000010000001   027000000 0000000000 1806210311          00000000000010000001000000000000000315223704750002203110000180000000000000000000000000000000000000000000000000000000000000000000000000003152000000000000000000000000000000000000000000000000297220000000000000          0000000000000000000000000000000000000000000000000010000002
100000000000000001202500017727X28472321      0000000000426014200000000000010000001   027000000 0000000000 1806210311          00000000000010000001000000000000000083034131600002203110000180000000000000000000000000000000000000000000000000000000000000000000000000000830000000000000000000000000000000000000000000000000065020000000000000          0000000000000000000000000000000000000000000000000010000003
100000000000000001202500017727X28472321      0000000000426065200000000000010000001   027000000 0000000000 1806210311          00000000000010000001000000000000000228834100200002203110000180000000000000000000000000000000000000000000000000000000000000000000000000002288000000000000000000000000000000000000000000000000210820000000000000          0000000000000000000000000000000000000000000000000010000004
100000000000000001202500017727X28472321      0000000000426066900000000000010000001   027000000 0000000000 1806210311          00000000000010000001000000000000000614834103540002203110000180000000000000000000000000000000000000000000000000000000000000000000000000006148000000000000000000000000000000000000000000000000596820000000000000          0000000000000000000000000000000000000000000000000010000005
100000000000000001202500017727X28472321      0000000000426093400000000000010000001   027000000 0000000000 1806210311          00000000000010000001000000000000000221134103330002203110000180000000000000000000000000000000000000000000000000000000000000000000000000002211000000000000000000000000000000000000000000000000203120000000000000          0000000000000000000000000000000000000000000000000010000006
100000000000000001202500017727X28472321      0000000000426117300000000000010000001   027000000 0000000000 1806210311          00000000000010000001000000000000001443634102620002203110000180000000000000000000000000000000000000000000000000000000000000000000000000014436000000000000000000000000000000000000000000000001425620000000000000          0000000000000000000000000000000000000000000000000010000007
100000000000000001202500017727X28472321      0000000000426131100000000000010000001   027000000 0000000000 1806210311          00000000000010000001000000000000000378403333730002203110000180000000000000000000000000000000000000000000000000000000000000000000000000003784000000000000000000000000000000000000000000000000360420000000000000          0000000000000000000000000000000000000000000000000010000008
100000000000000001202500017727X28472321      0000000000426133000000000000010000001   027000000 0000000000 1806210311          00000000000010000001000000000000000990034100640002203110000180000000000000000000000000000000000000000000000000000000000000000000000000009900000000000000000000000000000000000000000000000000972020000000000000          0000000000000000000000000000000000000000000000000010000009
100000000000000001202500017727X28472321      0000000000426135500000000000010000001   027000000 0000000000 1806210311          00000000000010000001000000000000000458434108450002203110000180000000000000000000000000000000000000000000000000000000000000000000000000004584000000000000000000000000000000000000000000000000440420000000000000          0000000000000000000000000000000000000000000000000010000010
100000000000000001202500017727X28472321      0000000000426152000000000000010000001   027000000 0000000000 1806210311          00000000000010000001000000000000000074034184500002203110000180000000000000000000000000000000000000000000000000000000000000000000000000000740000000000000000000000000000000000000000000000000056020000000000000          0000000000000000000000000000000000000000000000000010000011
100000000000000001202500017727X28472321      0000000000426178500000000000010000001   027000000 0000000000 1806210311          00000000000010000001000000000000000828334103670002203110000180000000000000000000000000000000000000000000000000000000000000000000000000008283000000000000000000000000000000000000000000000000810320000000000000          0000000000000000000000000000000000000000000000000010000012
100000000000000001202500017727X28472321      0000000000426178700000000000010000001   027000000 0000000000 1806210311          00000000000010000001000000000000000661634100640002203110000180000000000000000000000000000000000000000000000000000000000000000000000000006616000000000000000000000000000000000000000000000000643620000000000000          0000000000000000000000000000000000000000000000000010000013
100000000000000001202500017727X28472321      0000000000426214000000000000010000001   027000000 0000000000 1806210311          00000000000010000001000000000000000710623701360002203110000180000000000000000000000000000000000000000000000000000000000000000000000000007106000000000000000000000000000000000000000000000000692620000000000000          0000000000000000000000000000000000000000000000000010000014
100000000000000001202500017727X28472321      0000000000426216300000000000010000001   027000000 0000000000 1806210311          00000000000010000001000000000000001182734129770002203110000180000000000000000000000000000000000000000000000000000000000000000000000000011827000000000000000000000000000000000000000000000001164720000000000000          0000000000000000000000000000000000000000000000000010000015
100000000000000001202500017727X28472321      0000000000426233100000000000010000001   027000000 0000000000 1806210311          00000000000010000001000000000000000465234108450002203110000180000000000000000000000000000000000000000000000000000000000000000000000000004652000000000000000000000000000000000000000000000000447220000000000000          0000000000000000000000000000000000000000000000000010000016
100000000000000001202500017727X28472321      0000000000426274300000000000010000004   027000000 0000000000 1806210311          00000000000010000004000000000000000402400165501002203110000225000000000000000000000000000000000000000000000000000000000000000000000000004024000000000000000000000000000000000000000000000000379920000000000000          0000000000000000000000000000000000000000000000000008000017
100000000000000001202500017727X28472321      0000000000426324000000000000010000001   027000000 0000000000 1806210311          00000000000010000001000000000000000200634106720002203110000180000000000000000000000000000000000000000000000000000000000000000000000000002006000000000000000000000000000000000000000000000000182620000000000000          0000000000000000000000000000000000000000000000000010000018
100000000000000001202500017727X28472321      0000000000426337200000000000010000001   027000000 0000000000 1806210311          00000000000010000001000000000000000492834100640002203110000180000000000000000000000000000000000000000000000000000000000000000000000000004928000000000000000000000000000000000000000000000000474820000000000000          0000000000000000000000000000000000000000000000000010000019
100000000000000001202500017727X28472321      0000000000426346300000000000010000001   027000000 0000000000 1806210311          00000000000010000001000000000000001131434130740002203110000180000000000000000000000000000000000000000000000000000000000000000000000000011314000000000000000000000000000000000000000000000001113420000000000000          0000000000000000000000000000000000000000000000000010000020
100000000000000001202500017727X28472321      0000000000426346400000000000010000001   027000000 0000000000 1806210311          00000000000010000001000000000000000258834104440002203110000180000000000000000000000000000000000000000000000000000000000000000000000000002588000000000000000000000000000000000000000000000000240820000000000000          0000000000000000000000000000000000000000000000000010000021
100000000000000001202500017727X28472321      0000000000426371400000000000010000001   027000000 0000000000 1806210311          00000000000010000001000000000000000762834107720002203110000180000000000000000000000000000000000000000000000000000000000000000000000000007628000000000000000000000000000000000000000000000000744820000000000000          0000000000000000000000000000000000000000000000000010000022
100000000000000001202500017727X28472321      0000000000426374300000000000010000001   027000000 0000000000 1806210311          00000000000010000001000000000000000128700142447002203110000225000000000000000000000000000000000000000000000000000000000000000000000000001415000000000012800000000000000000000000000000000000119020000000000000          0000000000000000000000000000000000000000000000000008000023
100000000000000001202500017727X28472321      0000000000426374700000000000010000001   027000000 0000000000 1806210311          00000000000010000001000000000000000337734107860002203110000180000000000000000000000000000000000000000000000000000000000000000000000000003377000000000000000000000000000000000000000000000000319720000000000000          0000000000000000000000000000000000000000000000000010000024
100000000000000001202500017727X28472321      0000000000426377000000000000010000001   027000000 0000000000 1806210311          00000000000010000001000000000000001227134107610002203110000180000000000000000000000000000000000000000000000000000000000000000000000000012271000000000000000000000000000000000000000000000001209120000000000000          0000000000000000000000000000000000000000000000000010000025
100000000000000001202500017727X28472321      0000000000426377300000000000010000001   027000000 0000000000 1806210311          00000000000010000001000000000000000876834100640002203110000180000000000000000000000000000000000000000000000000000000000000000000000000008768000000000000000000000000000000000000000000000000858820000000000000          0000000000000000000000000000000000000000000000000010000026
100000000000000001202500017727X28472321      0000000000426379700000000000010000001   027000000 0000000000 1806210311          00000000000010000001000000000000000110600105835002203110000225000000000000000000000000000000000000000000000000000000000000000000000000001216000000000011000000000000000000000000000000000000099120000000000000          0000000000000000000000000000000000000000000000000008000027
100000000000000001202500017727X28472321      0000000000426380100000000000010000001   027000000 0000000000 1806210311          00000000000010000001000000000000000510234131600002203110000180000000000000000000000000000000000000000000000000000000000000000000000000005102000000000000000000000000000000000000000000000000492220000000000000          0000000000000000000000000000000000000000000000000010000028
100000000000000001202500017727X28472321      0000000000426383700000000000010000001   027000000 0000000000 1806210311          00000000000010000001000000000000000696834108450002203110000180000000000000000000000000000000000000000000000000000000000000000000000000006968000000000000000000000000000000000000000000000000678820000000000000          0000000000000000000000000000000000000000000000000010000029
100000000000000001202500017727X28472321      0000000000426405500000000000010000001   027000000 0000000000 1806210311          00000000000010000001000000000000000520034107340002203110000180000000000000000000000000000000000000000000000000000000000000000000000000005200000000000000000000000000000000000000000000000000502020000000000000          0000000000000000000000000000000000000000000000000010000030
100000000000000001202500017727X28472321      0000000000426405900000000000010000001   027000000 0000000000 1806210311          00000000000010000001000000000000001971534130740002203110000180000000000000000000000000000000000000000000000000000000000000000000000000019715000000000000000000000000000000000000000000000001953520000000000000          0000000000000000000000000000000000000000000000000010000031
100000000000000001202500017727X28472321      0000000000426419700000000000010000001   027000000 0000000000 1806210311          00000000000010000001000000000000000456534100640002203110000180000000000000000000000000000000000000000000000000000000000000000000000000004565000000000000000000000000000000000000000000000000438520000000000000          0000000000000000000000000000000000000000000000000010000032
100000000000000001202500017727X28472321      0000000000426421900000000000010000001   027000000 0000000000 1806210311          00000000000010000001000000000000000598534108450002203110000180000000000000000000000000000000000000000000000000000000000000000000000000005985000000000000000000000000000000000000000000000000580520000000000000          0000000000000000000000000000000000000000000000000010000033
100000000000000001202500017727X28472321      0000000000426485800000000000010000001   027000000 0000000000 1806210311          00000000000010000001000000000000000124034102100002203110000180000000000000000000000000000000000000000000000000000000000000000000000000001240000000000000000000000000000000000000000000000000106020000000000000          0000000000000000000000000000000000000000000000000010000034
100000000000000001202500017727X28472321      0000000000426487100000000000010000001   027000000 0000000000 1806210311          00000000000010000001000000000000000074034100640002203110000180000000000000000000000000000000000000000000000000000000000000000000000000000740000000000000000000000000000000000000000000000000056020000000000000          0000000000000000000000000000000000000000000000000010000035
100000000000000001202500017727X28472321      0000000000426490200000000000010000001   027000000 0000000000 1806210311          00000000000010000001000000000000000080834131600002203110000180000000000000000000000000000000000000000000000000000000000000000000000000000808000000000000000000000000000000000000000000000000062820000000000000          0000000000000000000000000000000000000000000000000010000036
100000000000000001202500017727X28472321      0000000000426509000000000000010000001   027000000 0000000000 1806210311          00000000000010000001000000000000002138634108450002203110000180000000000000000000000000000000000000000000000000000000000000000000000000021386000000000000000000000000000000000000000000000002120620000000000000          0000000000000000000000000000000000000000000000000010000037
100000000000000001202500017727X28472321      0000000000426517500000000000010000001   027000000 0000000000 1806210311          00000000000010000001000000000000000426734104440002203110000180000000000000000000000000000000000000000000000000000000000000000000000000004267000000000000000000000000000000000000000000000000408720000000000000          0000000000000000000000000000000000000000000000000010000038
100000000000000001202500017727X28472321      0000000000426536400000000000010000001   027000000 0000000000 1806210311          00000000000010000001000000000000001255634130740002203110000180000000000000000000000000000000000000000000000000000000000000000000000000012556000000000000000000000000000000000000000000000001237620000000000000          0000000000000000000000000000000000000000000000000010000039
100000000000000001202500017727X28472321      0000000000426543700000000000010000001   027000000 0000000000 1806210311          00000000000010000001000000000000000396234130740002203110000180000000000000000000000000000000000000000000000000000000000000000000000000003962000000000000000000000000000000000000000000000000378220000000000000          0000000000000000000000000000000000000000000000000010000040
100000000000000001202500017727X28472321      0000000000426548100000000000010000001   027000000 0000000000 1806210311          00000000000010000001000000000000000732934100640002203110000180000000000000000000000000000000000000000000000000000000000000000000000000007329000000000000000000000000000000000000000000000000714920000000000000          0000000000000000000000000000000000000000000000000010000041
100000000000000001202500017727X28472321      0000000000426561600000000000010000001   027000000 0000000000 1806210311          00000000000010000001000000000000000786134100560002203110000180000000000000000000000000000000000000000000000000000000000000000000000000007861000000000000000000000000000000000000000000000000768120000000000000          0000000000000000000000000000000000000000000000000010000042
100000000000000001202500017727X28472321      0000000000426589800000000000010000001   027000000 0000000000 1806210311          00000000000010000001000000000000000146534106460002203110000180000000000000000000000000000000000000000000000000000000000000000000000000001465000000000000000000000000000000000000000000000000128520000000000000          0000000000000000000000000000000000000000000000000010000043
100000000000000001202500017727X28472321      0000000000426626800000000000010000001   027000000 0000000000 1806210311          00000000000010000001000000000000001060434106720002203110000180000000000000000000000000000000000000000000000000000000000000000000000000010604000000000000000000000000000000000000000000000001042420000000000000          0000000000000000000000000000000000000000000000000010000044
100000000000000001202500017727X28472321      0000000000426629900000000000010000001   027000000 0000000000 1806210311          00000000000010000001000000000000000613034100640002203110000180000000000000000000000000000000000000000000000000000000000000000000000000006130000000000000000000000000000000000000000000000000595020000000000000          0000000000000000000000000000000000000000000000000010000045
100000000000000001202500017727X28472321      0000000000426655500000000000010000001   027000000 0000000000 1806210311          00000000000010000001000000000000000618334104440002203110000180000000000000000000000000000000000000000000000000000000000000000000000000006183000000000000000000000000000000000000000000000000600320000000000000          0000000000000000000000000000000000000000000000000010000046
100000000000000001202500017727X28472321      0000000000426700900000000000010000001   027000000 0000000000 1806210311          00000000000010000001000000000000000631034107570002203110000180000000000000000000000000000000000000000000000000000000000000000000000000006310000000000000000000000000000000000000000000000000613020000000000000          0000000000000000000000000000000000000000000000000010000047
100000000000000001202500017727X28472321      0000000000426722200000000000010000001   027000000 0000000000 1806210311          00000000000010000001000000000000000937734101760002203110000180000000000000000000000000000000000000000000000000000000000000000000000000009377000000000000000000000000000000000000000000000000919720000000000000          0000000000000000000000000000000000000000000000000010000048
100000000000000001202500017727X28472321      0000000000426746300000000000010000001   027000000 0000000000 1806210311          00000000000010000001000000000000000304934100640002203110000180000000000000000000000000000000000000000000000000000000000000000000000000003049000000000000000000000000000000000000000000000000286920000000000000          0000000000000000000000000000000000000000000000000010000049
100000000000000001202500017727X28472321      0000000000426746900000000000010000001   027000000 0000000000 1806210311          00000000000010000001000000000000000663834104440002203110000180000000000000000000000000000000000000000000000000000000000000000000000000006638000000000000000000000000000000000000000000000000645820000000000000          0000000000000000000000000000000000000000000000000010000050
100000000000000001202500017727X28472321      0000000000426783700000000000010000001   027000000 0000000000 1806210311          00000000000010000001000000000000000414834100640002203110000180000000000000000000000000000000000000000000000000000000000000000000000000004148000000000000000000000000000000000000000000000000396820000000000000          0000000000000000000000000000000000000000000000000010000051
100000000000000001202500017727X28472321      0000000000426798600000000000010000001   027000000 0000000000 1806210311          00000000000010000001000000000000000651734100640002203110000180000000000000000000000000000000000000000000000000000000000000000000000000006517000000000000000000000000000000000000000000000000633720000000000000          0000000000000000000000000000000000000000000000000010000052
100000000000000001202500017727X28472321      0000000000426814100000000000010000001   027000000 0000000000 1806210311          00000000000010000001000000000000001403234105930002203110000180000000000000000000000000000000000000000000000000000000000000000000000000014032000000000000000000000000000000000000000000000001385220000000000000          0000000000000000000000000000000000000000000000000010000053
100000000000000001202500017727X28472321      0000000000426818800000000000010000001   027000000 0000000000 1806210311          00000000000010000001000000000000000612603333730002203110000180000000000000000000000000000000000000000000000000000000000000000000000000006126000000000000000000000000000000000000000000000000594620000000000000          0000000000000000000000000000000000000000000000000010000054
100000000000000001202500017727X28472321      0000000000426871500000000000010000001   027000000 0000000000 1806210311          00000000000010000001000000000000001392534100270002203110000180000000000000000000000000000000000000000000000000000000000000000000000000013925000000000000000000000000000000000000000000000001374520000000000000          0000000000000000000000000000000000000000000000000010000055
100000000000000001202500017727X28472321      0000000000426884500000000000010000001   027000000 0000000000 1806210311          00000000000010000001000000000000000663734104440002203110000180000000000000000000000000000000000000000000000000000000000000000000000000006637000000000000000000000000000000000000000000000000645720000000000000          0000000000000000000000000000000000000000000000000010000056
100000000000000001202500017727X28472321      0000000000426897500000000000010000001   027000000 0000000000 1806210311          00000000000010000001000000000000000155934108450002203110000180000000000000000000000000000000000000000000000000000000000000000000000000001559000000000000000000000000000000000000000000000000137920000000000000          0000000000000000000000000000000000000000000000000010000057
100000000000000001202500017727X28472321      0000000000426897600000000000010000001   027000000 0000000000 1806210311          00000000000010000001000000000000000787123701340002203110000180000000000000000000000000000000000000000000000000000000000000000000000000007871000000000000000000000000000000000000000000000000769120000000000000          0000000000000000000000000000000000000000000000000010000058
100000000000000001202500017727X28472321      0000000000427016800000000000010000001   027000000 0000000000 1806210311          00000000000010000001000000000000000616234101920002203110000180000000000000000000000000000000000000000000000000000000000000000000000000006162000000000000000000000000000000000000000000000000598220000000000000          0000000000000000000000000000000000000000000000000010000059
100000000000000001202500017727X28472321      0000000000427022800000000000010000001   027000000 0000000000 1806210311          00000000000010000001000000000000000051834100270002203110000180000000000000000000000000000000000000000000000000000000000000000000000000000518000000000000000000000000000000000000000000000000033820000000000000          0000000000000000000000000000000000000000000000000010000060
100000000000000001202500017727X28472321      0000000000427026700000000000010000001   027000000 0000000000 1806210311          00000000000010000001000000000000000428934108450002203110000180000000000000000000000000000000000000000000000000000000000000000000000000004289000000000000000000000000000000000000000000000000410920000000000000          0000000000000000000000000000000000000000000000000010000061
100000000000000001202500017727X28472321      0000000000427031200000000000010000001   027000000 0000000000 1806210311          00000000000010000001000000000000000648034100270002203110000180000000000000000000000000000000000000000000000000000000000000000000000000006480000000000000000000000000000000000000000000000000630020000000000000          0000000000000000000000000000000000000000000000000010000062
100000000000000001202500017727X28472321      0000000000427036900000000000010000001   027000000 0000000000 1806210311          00000000000010000001000000000000001000434130740002203110000180000000000000000000000000000000000000000000000000000000000000000000000000010004000000000000000000000000000000000000000000000000982420000000000000          0000000000000000000000000000000000000000000000000010000063
100000000000000001202500017727X28472321      0000000000427049400000000000010000001   027000000 0000000000 1806210311          00000000000010000001000000000000000157434108450002203110000180000000000000000000000000000000000000000000000000000000000000000000000000001574000000000000000000000000000000000000000000000000139420000000000000          0000000000000000000000000000000000000000000000000010000064
100000000000000001202500017727X28472321      0000000000427058900000000000010000001   027000000 0000000000 1806210311          00000000000010000001000000000000000080734100270002203110000180000000000000000000000000000000000000000000000000000000000000000000000000000807000000000000000000000000000000000000000000000000062720000000000000          0000000000000000000000000000000000000000000000000010000065
100000000000000001202500017727X28472321      0000000000427063900000000000010000001   027000000 0000000000 1806210311          00000000000010000001000000000000000602423720170002203110000180000000000000000000000000000000000000000000000000000000000000000000000000006024000000000000000000000000000000000000000000000000584420000000000000          0000000000000000000000000000000000000000000000000010000066
100000000000000001202500017727X28472321      0000000000427079000000000000010000001   027000000 0000000000 1806210311          00000000000010000001000000000000000091234108450002203110000180000000000000000000000000000000000000000000000000000000000000000000000000000912000000000000000000000000000000000000000000000000073220000000000000          0000000000000000000000000000000000000000000000000010000067
100000000000000001202500017727X28472321      0000000000427093400000000000010000001   027000000 0000000000 1806210311          00000000000010000001000000000000000385034108450002203110000180000000000000000000000000000000000000000000000000000000000000000000000000003850000000000000000000000000000000000000000000000000367020000000000000          0000000000000000000000000000000000000000000000000010000068
100000000000000001202500017727X28472321      0000000000427099000000000000010000001   027000000 0000000000 1806210311          00000000000010000001000000000000000480534102100002203110000180000000000000000000000000000000000000000000000000000000000000000000000000004805000000000000000000000000000000000000000000000000462520000000000000          0000000000000000000000000000000000000000000000000010000069
100000000000000001202500017727X28472321      0000000000427138000000000000010000001   027000000 0000000000 1806210311          00000000000010000001000000000000000190234131600002203110000180000000000000000000000000000000000000000000000000000000000000000000000000001902000000000000000000000000000000000000000000000000172220000000000000          0000000000000000000000000000000000000000000000000010000070
100000000000000001202500017727X28472321      0000000000427162200000000000010000001   027000000 0000000000 1806210311          00000000000010000001000000000000000668534108450002203110000180000000000000000000000000000000000000000000000000000000000000000000000000006685000000000000000000000000000000000000000000000000650520000000000000          0000000000000000000000000000000000000000000000000010000071
100000000000000001202500017727X28472321      0000000000427224800000000000010000001   027000000 0000000000 1806210311          00000000000010000001000000000000001059934106460002203110000180000000000000000000000000000000000000000000000000000000000000000000000000010599000000000000000000000000000000000000000000000001041920000000000000          0000000000000000000000000000000000000000000000000010000072
100000000000000001202500017727X28472321      0000000000427236500000000000010000001   027000000 0000000000 1806210311          00000000000010000001000000000000000385134108450002203110000180000000000000000000000000000000000000000000000000000000000000000000000000003851000000000000000000000000000000000000000000000000367120000000000000          0000000000000000000000000000000000000000000000000010000073
100000000000000001202500017727X28472321      0000000000427254200000000000010000001   027000000 0000000000 1806210311          00000000000010000001000000000000000876434100640002203110000180000000000000000000000000000000000000000000000000000000000000000000000000008764000000000000000000000000000000000000000000000000858420000000000000          0000000000000000000000000000000000000000000000000010000074
100000000000000001202500017727X28472321      0000000000427281700000000000010000001   027000000 0000000000 1806210311          00000000000010000001000000000000000592303342050002203110000180000000000000000000000000000000000000000000000000000000000000000000000000005923000000000000000000000000000000000000000000000000574320000000000000          0000000000000000000000000000000000000000000000000010000075
100000000000000001202500017727X28472321      0000000000427283900000000000010000001   027000000 0000000000 1806210311          00000000000010000001000000000000000665123727200002203110000180000000000000000000000000000000000000000000000000000000000000000000000000006651000000000000000000000000000000000000000000000000647120000000000000          0000000000000000000000000000000000000000000000000010000076
100000000000000001202500017727X28472321      0000000000427339300000000000010000001   027000000 0000000000 1806210311          00000000000010000001000000000000000123034131600002203110000180000000000000000000000000000000000000000000000000000000000000000000000000001230000000000000000000000000000000000000000000000000105020000000000000          0000000000000000000000000000000000000000000000000010000077
100000000000000001202500017727X28472321      0000000000427354300000000000010000001   027000000 0000000000 1806210311          00000000000010000001000000000000001502523733910002203110000180000000000000000000000000000000000000000000000000000000000000000000000000015025000000000000000000000000000000000000000000000001484520000000000000          0000000000000000000000000000000000000000000000000010000078
100000000000000001202500017727X28472321      0000000000427357400000000000010000001   027000000 0000000000 1806210311          00000000000010000001000000000000000432534108450002203110000180000000000000000000000000000000000000000000000000000000000000000000000000004325000000000000000000000000000000000000000000000000414520000000000000          0000000000000000000000000000000000000000000000000010000079
100000000000000001202500017727X28472321      0000000000427357500000000000010000001   027000000 0000000000 1806210311          00000000000010000001000000000000000255534116680002203110000180000000000000000000000000000000000000000000000000000000000000000000000000002555000000000000000000000000000000000000000000000000237520000000000000          0000000000000000000000000000000000000000000000000010000080
100000000000000001202500017727X28472321      0000000000427387900000000000010000001   027000000 0000000000 1806210311          00000000000010000001000000000000000043100129629002203110000225000000000000000000000000000000000000000000000000000000000000000000000000000474000000000004300000000000000000000000000000000000024920000000000000          0000000000000000000000000000000000000000000000000008000081
100000000000000001202500017727X28472321      0000000000427424200000000000010000001   027000000 0000000000 1806210311          00000000000010000001000000000000001930634103670002203110000180000000000000000000000000000000000000000000000000000000000000000000000000019306000000000000000000000000000000000000000000000001912620000000000000          0000000000000000000000000000000000000000000000000010000082
100000000000000001202500017727X28472321      0000000000427424300000000000010000001   027000000 0000000000 1806210311          00000000000010000001000000000000001057934104440002203110000180000000000000000000000000000000000000000000000000000000000000000000000000010579000000000000000000000000000000000000000000000001039920000000000000          0000000000000000000000000000000000000000000000000010000083
100000000000000001202500017727X28472321      0000000000427424800000000000010000001   027000000 0000000000 1806210311          00000000000010000001000000000000000544134100640002203110000180000000000000000000000000000000000000000000000000000000000000000000000000005441000000000000000000000000000000000000000000000000526120000000000000          0000000000000000000000000000000000000000000000000010000084
100000000000000001202500017727X28472321      0000000000427431000000000000010000001   027000000 0000000000 1806210311          00000000000010000001000000000000000592834171130002203110000180000000000000000000000000000000000000000000000000000000000000000000000000005928000000000000000000000000000000000000000000000000574820000000000000          0000000000000000000000000000000000000000000000000010000085
100000000000000001202500017727X28472321      0000000000427459700000000000010000001   027000000 0000000000 1806210311          00000000000010000001000000000000000155634100640002203110000180000000000000000000000000000000000000000000000000000000000000000000000000001556000000000000000000000000000000000000000000000000137620000000000000          0000000000000000000000000000000000000000000000000010000086
100000000000000001202500017727X28472321      0000000000427468000000000000010000001   027000000 0000000000 1806210311          00000000000010000001000000000000000410034100640002203110000180000000000000000000000000000000000000000000000000000000000000000000000000004100000000000000000000000000000000000000000000000000392020000000000000          0000000000000000000000000000000000000000000000000010000087
100000000000000001202500017727X28472321      0000000000427531700000000000010000001   027000000 0000000000 1806210311          00000000000010000001000000000000000180623719450002203110000180000000000000000000000000000000000000000000000000000000000000000000000000001806000000000000000000000000000000000000000000000000162620000000000000          0000000000000000000000000000000000000000000000000010000088
100000000000000001202500017727X28472321      0000000000427567300000000000010000001   027000000 0000000000 1806210311          00000000000010000001000000000000000794334108450002203110000180000000000000000000000000000000000000000000000000000000000000000000000000007943000000000000000000000000000000000000000000000000776320000000000000          0000000000000000000000000000000000000000000000000010000089
100000000000000001202500017727X28472321      0000000000427588100000000000010000001   027000000 0000000000 1806210311          00000000000010000001000000000000001456434130740002203110000180000000000000000000000000000000000000000000000000000000000000000000000000014564000000000000000000000000000000000000000000000001438420000000000000          0000000000000000000000000000000000000000000000000010000090
100000000000000001202500017727X28472321      0000000000427605100000000000010000001   027000000 0000000000 1806210311          00000000000010000001000000000000000084334100270002203110000180000000000000000000000000000000000000000000000000000000000000000000000000000843000000000000000000000000000000000000000000000000066320000000000000          0000000000000000000000000000000000000000000000000010000091
100000000000000001202500017727X28472321      0000000000427619600000000000010000001   027000000 0000000000 1806210311          00000000000010000001000000000000000214634108450002203110000180000000000000000000000000000000000000000000000000000000000000000000000000002146000000000000000000000000000000000000000000000000196620000000000000          0000000000000000000000000000000000000000000000000010000092
100000000000000001202500017727X28472321      0000000000427635900000000000010000001   027000000 0000000000 1806210311          00000000000010000001000000000000000566000130236002203110000225000000000000000000000000000000000000000000000000000000000000000000000000006226000000000056600000000000000000000000000000000000600120000000000000          0000000000000000000000000000000000000000000000000008000093
100000000000000001202500017727X28472321      0000000000427646300000000000010000001   027000000 0000000000 1806210311          00000000000010000001000000000000000507634108450002203110000180000000000000000000000000000000000000000000000000000000000000000000000000005076000000000000000000000000000000000000000000000000489620000000000000          0000000000000000000000000000000000000000000000000010000094
100000000000000001202500017727X28472321      0000000000427660200000000000010000001   027000000 0000000000 1806210311          00000000000010000001000000000000001322934130740002203110000180000000000000000000000000000000000000000000000000000000000000000000000000013229000000000000000000000000000000000000000000000001304920000000000000          0000000000000000000000000000000000000000000000000010000095
100000000000000001202500017727X28472321      0000000000427665300000000000010000001   027000000 0000000000 1806210311          00000000000010000001000000000000000438734108450002203110000180000000000000000000000000000000000000000000000000000000000000000000000000004387000000000000000000000000000000000000000000000000420720000000000000          0000000000000000000000000000000000000000000000000010000096
100000000000000001202500017727X28472321      0000000000427675800000000000010000001   027000000 0000000000 1806210311          00000000000010000001000000000000000492923701360002203110000180000000000000000000000000000000000000000000000000000000000000000000000000004929000000000000000000000000000000000000000000000000474920000000000000          0000000000000000000000000000000000000000000000000010000097
100000000000000001202500017727X28472321      0000000000427689400000000000010000001   027000000 0000000000 1806210311          00000000000010000001000000000000000315223704750002203110000180000000000000000000000000000000000000000000000000000000000000000000000000003152000000000000000000000000000000000000000000000000297220000000000000          0000000000000000000000000000000000000000000000000010000098
100000000000000001202500017727X28472321      0000000000427712200000000000010000001   027000000 0000000000 1806210311          00000000000010000001000000000000000138834182060002203110000180000000000000000000000000000000000000000000000000000000000000000000000000001388000000000000000000000000000000000000000000000000120820000000000000          0000000000000000000000000000000000000000000000000010000099
100000000000000001202500017727X28472321      0000000000427713900000000000010000001   027000000 0000000000 1806210311          00000000000010000001000000000000000085034108450002203110000180000000000000000000000000000000000000000000000000000000000000000000000000000850000000000000000000000000000000000000000000000000067020000000000000          0000000000000000000000000000000000000000000000000010000100
100000000000000001202500017727X28472321      0000000000427717600000000000010000001   027000000 0000000000 1806210311          00000000000010000001000000000000000064834100640002203110000180000000000000000000000000000000000000000000000000000000000000000000000000000648000000000000000000000000000000000000000000000000046820000000000000          0000000000000000000000000000000000000000000000000010000101
100000000000000001202500017727X28472321      0000000000427767300000000000010000001   027000000 0000000000 1806210311          00000000000010000001000000000000000096803339840002203110000180000000000000000000000000000000000000000000000000000000000000000000000000000968000000000000000000000000000000000000000000000000078820000000000000          0000000000000000000000000000000000000000000000000010000102
100000000000000001202500017727X28472321      0000000000427775500000000000010000001   027000000 0000000000 1806210311          00000000000010000001000000000000000700734104440002203110000180000000000000000000000000000000000000000000000000000000000000000000000000007007000000000000000000000000000000000000000000000000682720000000000000          0000000000000000000000000000000000000000000000000010000103
100000000000000001202500017727X28472321      0000000000427788600000000000010000001   027000000 0000000000 1806210311          00000000000010000001000000000000000126034181210002203110000180000000000000000000000000000000000000000000000000000000000000000000000000001260000000000000000000000000000000000000000000000000108020000000000000          0000000000000000000000000000000000000000000000000010000104
100000000000000001202500017727X28472321      0000000000427819900000000000010000001   027000000 0000000000 1806210311          00000000000010000001000000000000000808823719450002203110000180000000000000000000000000000000000000000000000000000000000000000000000000008088000000000000000000000000000000000000000000000000790820000000000000          0000000000000000000000000000000000000000000000000010000105
100000000000000001202500017727X28472321      0000000000427857800000000000010000001   027000000 0000000000 1806210311          00000000000010000001000000000000000911334103540002203110000180000000000000000000000000000000000000000000000000000000000000000000000000009113000000000000000000000000000000000000000000000000893320000000000000          0000000000000000000000000000000000000000000000000010000106
100000000000000001202500017727X28472321      0000000000427890900000000000010000001   027000000 0000000000 1806210311          00000000000010000001000000000000000532434171130002203110000180000000000000000000000000000000000000000000000000000000000000000000000000005324000000000000000000000000000000000000000000000000514420000000000000          0000000000000000000000000000000000000000000000000010000107
100000000000000001202500017727X28472321      0000000000428113600000000000010000001   027000000 0000000000 1806210311          00000000000010000001000000000000000127223719450002203110000180000000000000000000000000000000000000000000000000000000000000000000000000001272000000000000000000000000000000000000000000000000109220000000000000          0000000000000000000000000000000000000000000000000010000108
9201001          000000000000000000000000000000          000000000000000000000000000000          000000000000000000000000000000          000000000000000000000000000000                                                  000000000000000000000000000000                                                                                                                                                   000109
