02RETORNO01COBRANCA       1202500017727X284723SIND EMP DE EDIF SP ZEL PORT C001BANCO DO BRASIL2502110001872                      000001872201093102                                                                                                                                                                                                                                                       000001
100000000000000001202500017727X284723                         28472316102310000004   027000000 0000000000 1806250211          28472316102310000004000000000000000237000157177002802110000225000000000000000000000000000000000000000000000000000000000000000000000000002370000000000000000000000000000000000000000000000000214520000000000000          0000000000000000000000000000000000000000000000000008000002
100000000000000001202500017727X284723                         28472320828310000001   027000000 0000000000 1806250211          28472320828310000001000000000000000131700130236002802110000225000000000000000000000000000000000000000000000000000000000000000000000000001317000000000000000000000000000000000000000000000000109220000000000000          0000000000000000000000000000000000000000000000000008000003
9201001          000000000000000000000000000000          000000000000000000000000000000          000000000000000000000000000000          000000000000000000000000000000                                                  000000000000000000000000000000                                                                                                                                                   000004
