02RETORNO01COBRANCA       1202500017727X000000SIND EMP DE EDIF SP ZEL PORT C001BANCO DO BRASIL1803110000772                      000001509201093102  1449863                                                                                                                                                                                                                                              000001
700000000000000001202500017727X1449863                         1449863000978510710000001   03500000000000 1806180311                              000000000000000080000130171002103110000225000000000000000000000000000000000000000000000000000000000000000000000000000800000000000000000000000000000000000000000000000000057520000000000000          0000000000000000000000000000000000000000000000000008000002
700000000000000001202500017727X1449863                         1449863000978510810000001   03500000000000 1806180311                              000000000000000080000130171002103110000225000000000000000000000000000000000000000000000000000000000000000000000000000800000000000000000000000000000000000000000000000000057520000000000000          0000000000000000000000000000000000000000000000000008000003
700000000000000001202500017727X1449863                         1449863000978510910000001   03500000000000 1806180311                              000000000000000080000130171002103110000225000000000000000000000000000000000000000000000000000000000000000000000000000800000000000000000000000000000000000000000000000000057520000000000000          0000000000000000000000000000000000000000000000000008000004
700000000000000001202500017727X1449863                         1449863000978511010000001   03500000000000 1806180311                              000000000000000080000130171002103110000225000000000000000000000000000000000000000000000000000000000000000000000000000800000000000000000000000000000000000000000000000000057520000000000000          0000000000000000000000000000000000000000000000000008000005
700000000000000001202500017727X1449863                         1449863000978511110000001   03500000000000 1806180311                              000000000000000080000130171002103110000225000000000000000000000000000000000000000000000000000000000000000000000000000800000000000000000000000000000000000000000000000000057520000000000000          0000000000000000000000000000000000000000000000000008000006
700000000000000001202500017727X1449863                         1449863000978511210000001   03500000000000 1806180311                              000000000000000080000130171002103110000225000000000000000000000000000000000000000000000000000000000000000000000000000800000000000000000000000000000000000000000000000000057520000000000000          0000000000000000000000000000000000000000000000000008000007
700000000000000001202500017727X1449863                         1449863001074910310000001   03500000000000 1806180311                              000000000000000080034155730002103110000180000000000000000000000000000000000000000000000000000000000000000000000000000800000000000000000000000000000000000000000000000000062020000000000000          0000000000000000000000000000000000000000000000000010000008
700000000000000001202500017727X1449863                         1449863001349410310000001   03500000000000 1806180311                              000000000000000080003309350002103110000180000000000000000000000000000000000000000000000000000000000000000000000000000800000000000000000000000000000000000000000000000000062020000000000000          0000000000000000000000000000000000000000000000000010000009
700000000000000001202500017727X1449863                         1449863001382510310000001   03500000000000 1806180311                              000000000000000080034131710002103110000180000000000000000000000000000000000000000000000000000000000000000000000000000800000000000000000000000000000000000000000000000000062020000000000000          0000000000000000000000000000000000000000000000000010000010
700000000000000001202500017727X1449863                         1449863001384510310000001   03500000000000 1806180311                              000000000000000080023713710002103110000180000000000000000000000000000000000000000000000000000000000000000000000000000800000000000000000000000000000000000000000000000000062020000000000000          0000000000000000000000000000000000000000000000000010000011
700000000000000001202500017727X1449863                         1449863001402610310000001   03500000000000 1806180311                              000000000000000080023701330002103110000180000000000000000000000000000000000000000000000000000000000000000000000000000800000000000000000000000000000000000000000000000000062020000000000000          0000000000000000000000000000000000000000000000000010000012
700000000000000001202500017727X1449863                         1449863001459810310000001   03500000000000 1806180311                              000000000000000080034100660002103110000180000000000000000000000000000000000000000000000000000000000000000000000000000800000000000000000000000000000000000000000000000000062020000000000000          0000000000000000000000000000000000000000000000000010000013
700000000000000001202500017727X1449863                         1449863001508810310000001   03500000000000 1806180311                              000000000000000080034155900002103110000180000000000000000000000000000000000000000000000000000000000000000000000000000800000000000000000000000000000000000000000000000000062020000000000000          0000000000000000000000000000000000000000000000000010000014
700000000000000001202500017727X1449863                         1449863001521910310000001   03500000000000 1806180311                              000000000000000080034101380002103110000180000000000000000000000000000000000000000000000000000000000000000000000000000800000000000000000000000000000000000000000000000000062020000000000000          0000000000000000000000000000000000000000000000000010000015
700000000000000001202500017727X1449863                         1449863001560310310000001   03500000000000 1806180311                              000000000000000080034140730002103110000180000000000000000000000000000000000000000000000000000000000000000000000000000800000000000000000000000000000000000000000000000000062020000000000000          0000000000000000000000000000000000000000000000000010000016
700000000000000001202500017727X1449863                         1449863001652610310000001   03500000000000 1806180311                              000000000000000080010440700002103110000180000000000000000000000000000000000000000000000000000000000000000000000000000800000000000000000000000000000000000000000000000000062020000000000000          0000000000000000000000000000000000000000000000000010000017
700000000000000001202500017727X1449863                         1449863001712610310000001   03500000000000 1806180311                              000000000000000080010415970002103110000180000000000000000000000000000000000000000000000000000000000000000000000000000800000000000000000000000000000000000000000000000000062020000000000000          0000000000000000000000000000000000000000000000000010000018
700000000000000001202500017727X1449863                         1449863001728410310000001   03500000000000 1806180311                              000000000000000080023700900002103110000180000000000000000000000000000000000000000000000000000000000000000000000000000800000000000000000000000000000000000000000000000000062020000000000000          0000000000000000000000000000000000000000000000000010000019
700000000000000001202500017727X1449863                         1449863001728410410000001   03500000000000 1806180311                              000000000000000080023700900002103110000180000000000000000000000000000000000000000000000000000000000000000000000000000800000000000000000000000000000000000000000000000000062020000000000000          0000000000000000000000000000000000000000000000000010000020
700000000000000001202500017727X1449863                         1449863001728410510000001   03500000000000 1806180311                              000000000000000080023700900002103110000180000000000000000000000000000000000000000000000000000000000000000000000000000800000000000000000000000000000000000000000000000000062020000000000000          0000000000000000000000000000000000000000000000000010000021
700000000000000001202500017727X1449863                         1449863001728410610000001   03500000000000 1806180311                              000000000000000080023700900002103110000180000000000000000000000000000000000000000000000000000000000000000000000000000800000000000000000000000000000000000000000000000000062020000000000000          0000000000000000000000000000000000000000000000000010000022
700000000000000001202500017727X1449863                         1449863001878110310000001   03500000000000 1806180311                              000000000000000080010430450002103110000180000000000000000000000000000000000000000000000000000000000000000000000000000800000000000000000000000000000000000000000000000000062020000000000000          0000000000000000000000000000000000000000000000000010000023
700000000000000001202500017727X1449863                         1449863001902610310000001   03500000000000 1806180311                              000000000000000080003307260002103110000180000000000000000000000000000000000000000000000000000000000000000000000000000800000000000000000000000000000000000000000000000000062020000000000000          0000000000000000000000000000000000000000000000000010000024
700000000000000001202500017727X1449863                         1449863002060010310000001   03500000000000 1806180311                              000000000000000080010430450002103110000180000000000000000000000000000000000000000000000000000000000000000000000000000800000000000000000000000000000000000000000000000000062020000000000000          0000000000000000000000000000000000000000000000000010000025
700000000000000001202500017727X1449863                         1449863002071310410000001   03500000000000 1806180311                              000000000000000080023725680002103110000180000000000000000000000000000000000000000000000000000000000000000000000000000800000000000000000000000000000000000000000000000000062020000000000000          0000000000000000000000000000000000000000000000000010000026
700000000000000001202500017727X1449863                         1449863002085410310000001   03500000000000 1806180311                              000000000000000080034148680002103110000180000000000000000000000000000000000000000000000000000000000000000000000000000800000000000000000000000000000000000000000000000000062020000000000000          0000000000000000000000000000000000000000000000000010000027
700000000000000001202500017727X1449863                         1449863002261920310000001   03500000000000 1806180311                              000000000000000080034184610002103110000180000000000000000000000000000000000000000000000000000000000000000000000000000800000000000000000000000000000000000000000000000000062020000000000000          0000000000000000000000000000000000000000000000000010000028
700000000000000001202500017727X1449863                         1449863002272920410000001   03500000000000 1806180311                              000000000000000080034100660002103110000180000000000000000000000000000000000000000000000000000000000000000000000000000800000000000000000000000000000000000000000000000000062020000000000000          0000000000000000000000000000000000000000000000000010000029
700000000000000001202500017727X1449863                         1449863002316530310000001   03500000000000 1806180311                              000000000000000080023720030002103110000180000000000000000000000000000000000000000000000000000000000000000000000000000800000000000000000000000000000000000000000000000000062020000000000000          0000000000000000000000000000000000000000000000000010000030
700000000000000001202500017727X1449863                         1449863002398720310000001   03500000000000 1806180311                              000000000000000080023701560002103110000180000000000000000000000000000000000000000000000000000000000000000000000000000800000000000000000000000000000000000000000000000000062020000000000000          0000000000000000000000000000000000000000000000000010000031
700000000000000001202500017727X1449863                         1449863002472120310000001   03500000000000 1806180311                              000000000000000080010440710002103110000180000000000000000000000000000000000000000000000000000000000000000000000000000800000000000000000000000000000000000000000000000000062020000000000000          0000000000000000000000000000000000000000000000000010000032
700000000000000001202500017727X1449863                         1449863002637210310000001   03500000000000 1806180311                              000000000000000080010410060002103110000180000000000000000000000000000000000000000000000000000000000000000000000000000800000000000000000000000000000000000000000000000000062020000000000000          0000000000000000000000000000000000000000000000000010000033
700000000000000001202500017727X1449863                         1449863002671010310000001   03500000000000 1806180311                              000000000000000080023708230002103110000180000000000000000000000000000000000000000000000000000000000000000000000000000800000000000000000000000000000000000000000000000000062020000000000000          0000000000000000000000000000000000000000000000000010000034
700000000000000001202500017727X1449863                         1449863002686010310000001   03500000000000 1806180311                              000000000000000080034102370002103110000180000000000000000000000000000000000000000000000000000000000000000000000000000800000000000000000000000000000000000000000000000000062020000000000000          0000000000000000000000000000000000000000000000000010000035
700000000000000001202500017727X1449863                         1449863002725510310000001   03500000000000 1806180311                              000000000000000080010431490002103110000180000000000000000000000000000000000000000000000000000000000000000000000000000800000000000000000000000000000000000000000000000000062020000000000000          0000000000000000000000000000000000000000000000000010000036
700000000000000001202500017727X1449863                         1449863002756810310000001   03500000000000 1806180311                              000000000000000080010440480002103110000180000000000000000000000000000000000000000000000000000000000000000000000000000800000000000000000000000000000000000000000000000000062020000000000000          0000000000000000000000000000000000000000000000000010000037
700000000000000001202500017727X1449863                         1449863002828630310000001   03500000000000 1806180311                              000000000000000080034100270002103110000180000000000000000000000000000000000000000000000000000000000000000000000000000800000000000000000000000000000000000000000000000000062020000000000000          0000000000000000000000000000000000000000000000000010000038
700000000000000001202500017727X1449863                         1449863002864620410000001   03500000000000 1806180311                              000000000000000080034104400002103110000180000000000000000000000000000000000000000000000000000000000000000000000000000800000000000000000000000000000000000000000000000000062020000000000000          0000000000000000000000000000000000000000000000000010000039
700000000000000001202500017727X1449863                         1449863002873910310000001   03500000000000 1806180311                              000000000000000080023726210002103110000180000000000000000000000000000000000000000000000000000000000000000000000000000800000000000000000000000000000000000000000000000000062020000000000000          0000000000000000000000000000000000000000000000000010000040
700000000000000001202500017727X1449863                         1449863002883610310000001   03500000000000 1806180311                              000000000000000080034108660002103110000180000000000000000000000000000000000000000000000000000000000000000000000000000800000000000000000000000000000000000000000000000000062020000000000000          0000000000000000000000000000000000000000000000000010000041
700000000000000001202500017727X1449863                         1449863002896410310000001   03500000000000 1806180311                              000000000000000080034166770002103110000180000000000000000000000000000000000000000000000000000000000000000000000000000800000000000000000000000000000000000000000000000000062020000000000000          0000000000000000000000000000000000000000000000000010000042
700000000000000001202500017727X1449863                         1449863002926310310000001   03500000000000 1806180311                              000000000000000080034189010002103110000180000000000000000000000000000000000000000000000000000000000000000000000000000800000000000000000000000000000000000000000000000000062020000000000000          0000000000000000000000000000000000000000000000000010000043
700000000000000001202500017727X1449863                         1449863002926310410000001   03500000000000 1806180311                              000000000000000080034189010002103110000180000000000000000000000000000000000000000000000000000000000000000000000000000800000000000000000000000000000000000000000000000000062020000000000000          0000000000000000000000000000000000000000000000000010000044
700000000000000001202500017727X1449863                         1449863002926310510000001   03500000000000 1806180311                              000000000000000080034189010002103110000180000000000000000000000000000000000000000000000000000000000000000000000000000800000000000000000000000000000000000000000000000000062020000000000000          0000000000000000000000000000000000000000000000000010000045
700000000000000001202500017727X1449863                         1449863002975420310000001   03500000000000 1806180311                              000000000000000080034131300002103110000180000000000000000000000000000000000000000000000000000000000000000000000000000800000000000000000000000000000000000000000000000000062020000000000000          0000000000000000000000000000000000000000000000000010000046
700000000000000001202500017727X1449863                         1449863002975420410000001   03500000000000 1806180311                              000000000000000080034131300002103110000180000000000000000000000000000000000000000000000000000000000000000000000000000800000000000000000000000000000000000000000000000000062020000000000000          0000000000000000000000000000000000000000000000000010000047
700000000000000001202500017727X1449863                         1449863002975420510000001   03500000000000 1806180311                              000000000000000080034131300002103110000180000000000000000000000000000000000000000000000000000000000000000000000000000800000000000000000000000000000000000000000000000000062020000000000000          0000000000000000000000000000000000000000000000000010000048
700000000000000001202500017727X1449863                         1449863002977910310000001   03500000000000 1806180311                              000000000000000080034185730002103110000180000000000000000000000000000000000000000000000000000000000000000000000000000800000000000000000000000000000000000000000000000000062020000000000000          0000000000000000000000000000000000000000000000000010000049
700000000000000001202500017727X1449863                         1449863002980030410000001   03500000000000 1806180311                              000000000000000080023720030002103110000180000000000000000000000000000000000000000000000000000000000000000000000000000800000000000000000000000000000000000000000000000000062020000000000000          0000000000000000000000000000000000000000000000000010000050
700000000000000001202500017727X1449863                         1449863002988210310000001   03500000000000 1806180311                              000000000000000080034104280002103110000180000000000000000000000000000000000000000000000000000000000000000000000000000800000000000000000000000000000000000000000000000000062020000000000000          0000000000000000000000000000000000000000000000000010000051
700000000000000001202500017727X1449863                         1449863002991810310000001   03500000000000 1806180311                              000000000000000080034101860002103110000180000000000000000000000000000000000000000000000000000000000000000000000000000800000000000000000000000000000000000000000000000000062020000000000000          0000000000000000000000000000000000000000000000000010000052
700000000000000001202500017727X1449863                         1449863003063610310000001   03500000000000 1806180311                              000000000000000080023722820002103110000180000000000000000000000000000000000000000000000000000000000000000000000000000800000000000000000000000000000000000000000000000000062020000000000000          0000000000000000000000000000000000000000000000000010000053
700000000000000001202500017727X1449863                         1449863003087110310000001   03500000000000 1806180311                              000000000000000080034101730002103110000180000000000000000000000000000000000000000000000000000000000000000000000000000800000000000000000000000000000000000000000000000000062020000000000000          0000000000000000000000000000000000000000000000000010000054
700000000000000001202500017727X1449863                         1449863003145330310000001   03500000000000 1806180311                              000000000000000080010430450002103110000180000000000000000000000000000000000000000000000000000000000000000000000000000800000000000000000000000000000000000000000000000000062020000000000000          0000000000000000000000000000000000000000000000000010000055
700000000000000001202500017727X1449863                         1449863003149310310000001   03500000000000 1806180311                              000000000000000080010430450002103110000180000000000000000000000000000000000000000000000000000000000000000000000000000800000000000000000000000000000000000000000000000000062020000000000000          0000000000000000000000000000000000000000000000000010000056
700000000000000001202500017727X1449863                         1449863003155410310000001   03500000000000 1806180311                              000000000000000080023700930002103110000180000000000000000000000000000000000000000000000000000000000000000000000000000800000000000000000000000000000000000000000000000000062020000000000000          0000000000000000000000000000000000000000000000000010000057
700000000000000001202500017727X1449863                         1449863003173510310000001   03500000000000 1806180311                              000000000000000080034100810002103110000180000000000000000000000000000000000000000000000000000000000000000000000000000800000000000000000000000000000000000000000000000000062020000000000000          0000000000000000000000000000000000000000000000000010000058
700000000000000001202500017727X1449863                         1449863003173510410000001   03500000000000 1806180311                              000000000000000080034100810002103110000180000000000000000000000000000000000000000000000000000000000000000000000000000800000000000000000000000000000000000000000000000000062020000000000000          0000000000000000000000000000000000000000000000000010000059
700000000000000001202500017727X1449863                         1449863003215830510000001   03500000000000 1806180311                              000000000000000080034163070002103110000180000000000000000000000000000000000000000000000000000000000000000000000000000800000000000000000000000000000000000000000000000000062020000000000000          0000000000000000000000000000000000000000000000000010000060
700000000000000001202500017727X1449863                         1449863003215830610000001   03500000000000 1806180311                              000000000000000080034163070002103110000180000000000000000000000000000000000000000000000000000000000000000000000000000800000000000000000000000000000000000000000000000000062020000000000000          0000000000000000000000000000000000000000000000000010000061
700000000000000001202500017727X1449863                         1449863003418620310000001   03500000000000 1806180311                              000000000000000080023700310002103110000180000000000000000000000000000000000000000000000000000000000000000000000000000800000000000000000000000000000000000000000000000000062020000000000000          0000000000000000000000000000000000000000000000000010000062
700000000000000001202500017727X1449863                         1449863003469810310000001   03500000000000 1806180311                              000000000000000080010430450002103110000180000000000000000000000000000000000000000000000000000000000000000000000000000800000000000000000000000000000000000000000000000000062020000000000000          0000000000000000000000000000000000000000000000000010000063
700000000000000001202500017727X1449863                         1449863003486710410000001   03500000000000 1806180311                              000000000000000080003331960002103110000180000000000000000000000000000000000000000000000000000000000000000000000000000800000000000000000000000000000000000000000000000000062020000000000000          0000000000000000000000000000000000000000000000000010000064
700000000000000001202500017727X1449863                         1449863003486710510000001   03500000000000 1806180311                              000000000000000080003331960002103110000180000000000000000000000000000000000000000000000000000000000000000000000000000800000000000000000000000000000000000000000000000000062020000000000000          0000000000000000000000000000000000000000000000000010000065
700000000000000001202500017727X1449863                         1449863003486710610000001   03500000000000 1806180311                              000000000000000080003331960002103110000180000000000000000000000000000000000000000000000000000000000000000000000000000800000000000000000000000000000000000000000000000000062020000000000000          0000000000000000000000000000000000000000000000000010000066
700000000000000001202500017727X1449863                         1449863003658510310000001   03500000000000 1806180311                              000000000000000080023705000002103110000180000000000000000000000000000000000000000000000000000000000000000000000000000800000000000000000000000000000000000000000000000000062020000000000000          0000000000000000000000000000000000000000000000000010000067
700000000000000001202500017727X1449863                         1449863003846510310000001   03500000000000 1806180311                              000000000000000080023701990002103110000180000000000000000000000000000000000000000000000000000000000000000000000000000800000000000000000000000000000000000000000000000000062020000000000000          0000000000000000000000000000000000000000000000000010000068
700000000000000001202500017727X1449863                         1449863003865830310000001   03500000000000 1806180311                              000000000000000080034100270002103110000180000000000000000000000000000000000000000000000000000000000000000000000000000800000000000000000000000000000000000000000000000000062020000000000000          0000000000000000000000000000000000000000000000000010000069
700000000000000001202500017727X1449863                         1449863003936720310000001   03500000000000 1806180311                              000000000000000080000115164002103110000180000000000000000000000000000000000000000000000000000000000000000000000000000800000000000000000000000000000000000000000000000000062020000000000000          0000000000000000000000000000000000000000000000000007000070
700000000000000001202500017727X1449863                         1449863003957010310000001   03500000000000 1806180311                              000000000000000080003338530002103110000180000000000000000000000000000000000000000000000000000000000000000000000000000800000000000000000000000000000000000000000000000000062020000000000000          0000000000000000000000000000000000000000000000000010000071
700000000000000001202500017727X1449863                         1449863003986610310000001   03500000000000 1806180311                              000000000000000080023702080002103110000180000000000000000000000000000000000000000000000000000000000000000000000000000800000000000000000000000000000000000000000000000000062020000000000000          0000000000000000000000000000000000000000000000000010000072
700000000000000001202500017727X1449863                         1449863004090710410000001   03500000000000 1806180311                              000000000000000080003309820002103110000180000000000000000000000000000000000000000000000000000000000000000000000000000800000000000000000000000000000000000000000000000000062020000000000000          0000000000000000000000000000000000000000000000000010000073
700000000000000001202500017727X1449863                         1449863004097010310000001   03500000000000 1806180311                              000000000000000080034102850002103110000180000000000000000000000000000000000000000000000000000000000000000000000000000800000000000000000000000000000000000000000000000000062020000000000000          0000000000000000000000000000000000000000000000000010000074
700000000000000001202500017727X1449863                         1449863004097010410000001   03500000000000 1806180311                              000000000000000080034102850002103110000180000000000000000000000000000000000000000000000000000000000000000000000000000800000000000000000000000000000000000000000000000000062020000000000000          0000000000000000000000000000000000000000000000000010000075
700000000000000001202500017727X1449863                         1449863004105810410000001   03500000000000 1806180311                              000000000000000080023727490002103110000180000000000000000000000000000000000000000000000000000000000000000000000000000800000000000000000000000000000000000000000000000000062020000000000000          0000000000000000000000000000000000000000000000000010000076
700000000000000001202500017727X1449863                         1449863004208910310000001   03500000000000 1806180311                              000000000000000080034104440002103110000180000000000000000000000000000000000000000000000000000000000000000000000000000800000000000000000000000000000000000000000000000000062020000000000000          0000000000000000000000000000000000000000000000000010000077
700000000000000001202500017727X1449863                         1449863004234910310000001   03500000000000 1806180311                              000000000000000080023701380002103110000180000000000000000000000000000000000000000000000000000000000000000000000000000800000000000000000000000000000000000000000000000000062020000000000000          0000000000000000000000000000000000000000000000000010000078
700000000000000001202500017727X1449863                         1449863004267210310000001   03500000000000 1806180311                              000000000000000080034101730002103110000180000000000000000000000000000000000000000000000000000000000000000000000000000800000000000000000000000000000000000000000000000000062020000000000000          0000000000000000000000000000000000000000000000000010000079
700000000000000001202500017727X1449863                         1449863004289810310000001   03500000000000 1806180311                              000000000000000080034163150002103110000180000000000000000000000000000000000000000000000000000000000000000000000000000800000000000000000000000000000000000000000000000000062020000000000000          0000000000000000000000000000000000000000000000000010000080
700000000000000001202500017727X1449863                         1449863004342310310000001   03500000000000 1806180311                              000000000000000080034104280002103110000180000000000000000000000000000000000000000000000000000000000000000000000000000800000000000000000000000000000000000000000000000000062020000000000000          0000000000000000000000000000000000000000000000000010000081
700000000000000001202500017727X1449863                         1449863004360110310000001   03500000000000 1806180311                              000000000000000080034101730002103110000180000000000000000000000000000000000000000000000000000000000000000000000000000800000000000000000000000000000000000000000000000000062020000000000000          0000000000000000000000000000000000000000000000000010000082
700000000000000001202500017727X1449863                         1449863004369110310000001   03500000000000 1806180311                              000000000000000080034130930002103110000180000000000000000000000000000000000000000000000000000000000000000000000000000800000000000000000000000000000000000000000000000000062020000000000000          0000000000000000000000000000000000000000000000000010000083
700000000000000001202500017727X1449863                         1449863004402710310000001   03500000000000 1806180311                              000000000000000080023703900002103110000180000000000000000000000000000000000000000000000000000000000000000000000000000800000000000000000000000000000000000000000000000000062020000000000000          0000000000000000000000000000000000000000000000000010000084
700000000000000001202500017727X1449863                         1449863004430520310000001   03500000000000 1806180311                              000000000000000080000115458002103110000225000000000000000000000000000000000000000000000000000000000000000000000000000800000000000000000000000000000000000000000000000000057520000000000000          0000000000000000000000000000000000000000000000000008000085
700000000000000001202500017727X1449863                         1449863004430520410000001   03500000000000 1806180311                              000000000000000080000115458002103110000225000000000000000000000000000000000000000000000000000000000000000000000000000800000000000000000000000000000000000000000000000000057520000000000000          0000000000000000000000000000000000000000000000000008000086
700000000000000001202500017727X1449863                         1449863004436510310000001   03500000000000 1806180311                              000000000000000080034107400002103110000180000000000000000000000000000000000000000000000000000000000000000000000000000800000000000000000000000000000000000000000000000000062020000000000000          0000000000000000000000000000000000000000000000000010000087
700000000000000001202500017727X1449863                         1449863004452710310000001   03500000000000 1806180311                              000000000000000080023726210002103110000180000000000000000000000000000000000000000000000000000000000000000000000000000800000000000000000000000000000000000000000000000000062020000000000000          0000000000000000000000000000000000000000000000000010000088
700000000000000001202500017727X1449863                         1449863004452710410000001   03500000000000 1806180311                              000000000000000080023726210002103110000180000000000000000000000000000000000000000000000000000000000000000000000000000800000000000000000000000000000000000000000000000000062020000000000000          0000000000000000000000000000000000000000000000000010000089
700000000000000001202500017727X1449863                         1449863004455210310000001   03500000000000 1806180311                              000000000000000080034193570002103110000180000000000000000000000000000000000000000000000000000000000000000000000000000800000000000000000000000000000000000000000000000000062020000000000000          0000000000000000000000000000000000000000000000000010000090
700000000000000001202500017727X1449863                         1449863004466510310000001   03500000000000 1806180311                              000000000000000080003330560002103110000180000000000000000000000000000000000000000000000000000000000000000000000000000800000000000000000000000000000000000000000000000000062020000000000000          0000000000000000000000000000000000000000000000000010000091
700000000000000001202500017727X1449863                         1449863004500410310000001   03500000000000 1806180311                              000000000000000080003347690002103110000180000000000000000000000000000000000000000000000000000000000000000000000000000800000000000000000000000000000000000000000000000000062020000000000000          0000000000000000000000000000000000000000000000000010000092
700000000000000001202500017727X1449863                         1449863004521120310000001   03500000000000 1806180311                              000000000000000080034148360002103110000180000000000000000000000000000000000000000000000000000000000000000000000000000800000000000000000000000000000000000000000000000000062020000000000000          0000000000000000000000000000000000000000000000000010000093
700000000000000001202500017727X1449863                         1449863004532410310000001   03500000000000 1806180311                              000000000000000080034180980002103110000180000000000000000000000000000000000000000000000000000000000000000000000000000800000000000000000000000000000000000000000000000000062020000000000000          0000000000000000000000000000000000000000000000000010000094
700000000000000001202500017727X1449863                         1449863004556310310000001   03500000000000 1806180311                              000000000000000080010432160002103110000180000000000000000000000000000000000000000000000000000000000000000000000000000800000000000000000000000000000000000000000000000000062020000000000000          0000000000000000000000000000000000000000000000000010000095
700000000000000001202500017727X1449863                         1449863004558210310000001   03500000000000 1806180311                              000000000000000080034107580002103110000180000000000000000000000000000000000000000000000000000000000000000000000000000800000000000000000000000000000000000000000000000000062020000000000000          0000000000000000000000000000000000000000000000000010000096
700000000000000001202500017727X1449863                         1449863004575310310000001   03500000000000 1806180311                              000000000000000080034187210002103110000180000000000000000000000000000000000000000000000000000000000000000000000000000800000000000000000000000000000000000000000000000000062020000000000000          0000000000000000000000000000000000000000000000000010000097
700000000000000001202500017727X1449863                         1449863004575310410000001   03500000000000 1806180311                              000000000000000080034187210002103110000180000000000000000000000000000000000000000000000000000000000000000000000000000800000000000000000000000000000000000000000000000000062020000000000000          0000000000000000000000000000000000000000000000000010000098
700000000000000001202500017727X1449863                         1449863004589730310000001   03500000000000 1806180311                              000000000000000080034107620002103110000180000000000000000000000000000000000000000000000000000000000000000000000000000800000000000000000000000000000000000000000000000000062020000000000000          0000000000000000000000000000000000000000000000000010000099
700000000000000001202500017727X1449863                         1449863004604710310000001   03500000000000 1806180311                              000000000000000080010430450002103110000180000000000000000000000000000000000000000000000000000000000000000000000000000800000000000000000000000000000000000000000000000000062020000000000000          0000000000000000000000000000000000000000000000000010000100
700000000000000001202500017727X1449863                         1449863004606010410000001   03500000000000 1806180311                              000000000000000080034181350002103110000180000000000000000000000000000000000000000000000000000000000000000000000000000800000000000000000000000000000000000000000000000000062020000000000000          0000000000000000000000000000000000000000000000000010000101
700000000000000001202500017727X1449863                         1449863004609540310000001   03500000000000 1806180311                              000000000000000080034101860002103110000180000000000000000000000000000000000000000000000000000000000000000000000000000800000000000000000000000000000000000000000000000000062020000000000000          0000000000000000000000000000000000000000000000000010000102
700000000000000001202500017727X1449863                         1449863004609640310000001   03500000000000 1806180311                              000000000000000080034101860002103110000180000000000000000000000000000000000000000000000000000000000000000000000000000800000000000000000000000000000000000000000000000000062020000000000000          0000000000000000000000000000000000000000000000000010000103
700000000000000001202500017727X1449863                         1449863004615710310000001   03500000000000 1806180311                              000000000000000080010440550002103110000180000000000000000000000000000000000000000000000000000000000000000000000000000800000000000000000000000000000000000000000000000000062020000000000000          0000000000000000000000000000000000000000000000000010000104
700000000000000001202500017727X1449863                         1449863004637010310000001   03500000000000 1806180311                              000000000000000080023765810002103110000180000000000000000000000000000000000000000000000000000000000000000000000000000800000000000000000000000000000000000000000000000000062020000000000000          0000000000000000000000000000000000000000000000000010000105
700000000000000001202500017727X1449863                         1449863004659210310000001   03500000000000 1806180311                              000000000000000080010429420002103110000180000000000000000000000000000000000000000000000000000000000000000000000000000800000000000000000000000000000000000000000000000000062020000000000000          0000000000000000000000000000000000000000000000000010000106
700000000000000001202500017727X1449863                         1449863004659210410000001   03500000000000 1806180311                              000000000000000080010429420002103110000180000000000000000000000000000000000000000000000000000000000000000000000000000800000000000000000000000000000000000000000000000000062020000000000000          0000000000000000000000000000000000000000000000000010000107
700000000000000001202500017727X1449863                         1449863004670010310000001   03500000000000 1806180311                              000000000000000080034116340002103110000180000000000000000000000000000000000000000000000000000000000000000000000000000800000000000000000000000000000000000000000000000000062020000000000000          0000000000000000000000000000000000000000000000000010000108
700000000000000001202500017727X1449863                         1449863004674020310000001   03500000000000 1806180311                              000000000000000080034180980002103110000180000000000000000000000000000000000000000000000000000000000000000000000000000800000000000000000000000000000000000000000000000000062020000000000000          0000000000000000000000000000000000000000000000000010000109
700000000000000001202500017727X1449863                         1449863004700810310000001   03500000000000 1806180311                              000000000000000080034101860002103110000180000000000000000000000000000000000000000000000000000000000000000000000000000800000000000000000000000000000000000000000000000000062020000000000000          0000000000000000000000000000000000000000000000000010000110
700000000000000001202500017727X1449863                         1449863004717540310000001   03500000000000 1806180311                              000000000000000080010440310002103110000180000000000000000000000000000000000000000000000000000000000000000000000000000800000000000000000000000000000000000000000000000000062020000000000000          0000000000000000000000000000000000000000000000000010000111
700000000000000001202500017727X1449863                         1449863004723630310000001   03500000000000 1806180311                              000000000000000080010402710002103110000180000000000000000000000000000000000000000000000000000000000000000000000000000800000000000000000000000000000000000000000000000000062020000000000000          0000000000000000000000000000000000000000000000000010000112
700000000000000001202500017727X1449863                         1449863004727330310000001   03500000000000 1806180311                              000000000000000080034100270002103110000180000000000000000000000000000000000000000000000000000000000000000000000000000800000000000000000000000000000000000000000000000000062020000000000000          0000000000000000000000000000000000000000000000000010000113
700000000000000001202500017727X1449863                         1449863004727330410000001   03500000000000 1806180311                              000000000000000080034100270002103110000180000000000000000000000000000000000000000000000000000000000000000000000000000800000000000000000000000000000000000000000000000000062020000000000000          0000000000000000000000000000000000000000000000000010000114
700000000000000001202500017727X1449863                         1449863004728020310000001   03500000000000 1806180311                              000000000000000080010415980002103110000180000000000000000000000000000000000000000000000000000000000000000000000000000800000000000000000000000000000000000000000000000000062020000000000000          0000000000000000000000000000000000000000000000000010000115
700000000000000001202500017727X1449863                         1449863004750940310000001   03500000000000 1806180311                              000000000000000080034101390002103110000180000000000000000000000000000000000000000000000000000000000000000000000000000800000000000000000000000000000000000000000000000000062020000000000000          0000000000000000000000000000000000000000000000000010000116
700000000000000001202500017727X1449863                         1449863004752220310000001   03500000000000 1806180311                              000000000000000080010441340002103110000180000000000000000000000000000000000000000000000000000000000000000000000000000800000000000000000000000000000000000000000000000000062020000000000000          0000000000000000000000000000000000000000000000000010000117
700000000000000001202500017727X1449863                         1449863004752220410000001   03500000000000 1806180311                              000000000000000080010441340002103110000180000000000000000000000000000000000000000000000000000000000000000000000000000800000000000000000000000000000000000000000000000000062020000000000000          0000000000000000000000000000000000000000000000000010000118
700000000000000001202500017727X1449863                         1449863004776830310000001   03500000000000 1806180311                              000000000000000080023720030002103110000180000000000000000000000000000000000000000000000000000000000000000000000000000800000000000000000000000000000000000000000000000000062020000000000000          0000000000000000000000000000000000000000000000000010000119
700000000000000001202500017727X1449863                         1449863004782040310000001   03500000000000 1806180311                              000000000000000080010410080002103110000180000000000000000000000000000000000000000000000000000000000000000000000000000800000000000000000000000000000000000000000000000000062020000000000000          0000000000000000000000000000000000000000000000000010000120
700000000000000001202500017727X1449863                         1449863004787120310000001   03500000000000 1806180311                              000000000000000080003301180002103110000180000000000000000000000000000000000000000000000000000000000000000000000000000800000000000000000000000000000000000000000000000000062020000000000000          0000000000000000000000000000000000000000000000000010000121
700000000000000001202500017727X1449863                         1449863004787120410000001   03500000000000 1806180311                              000000000000000080003301180002103110000180000000000000000000000000000000000000000000000000000000000000000000000000000800000000000000000000000000000000000000000000000000062020000000000000          0000000000000000000000000000000000000000000000000010000122
700000000000000001202500017727X1449863                         1449863004787120510000001   03500000000000 1806180311                              000000000000000080003301180002103110000180000000000000000000000000000000000000000000000000000000000000000000000000000800000000000000000000000000000000000000000000000000062020000000000000          0000000000000000000000000000000000000000000000000010000123
700000000000000001202500017727X1449863                         1449863004800410310000001   03500000000000 1806180311                              000000000000000080034181370002103110000180000000000000000000000000000000000000000000000000000000000000000000000000000800000000000000000000000000000000000000000000000000062020000000000000          0000000000000000000000000000000000000000000000000010000124
700000000000000001202500017727X1449863                         1449863004802330310000001   03500000000000 1806180311                              000000000000000080010402680002103110000180000000000000000000000000000000000000000000000000000000000000000000000000000800000000000000000000000000000000000000000000000000062020000000000000          0000000000000000000000000000000000000000000000000010000125
700000000000000001202500017727X1449863                         1449863004802330410000001   03500000000000 1806180311                              000000000000000080010402680002103110000180000000000000000000000000000000000000000000000000000000000000000000000000000800000000000000000000000000000000000000000000000000062020000000000000          0000000000000000000000000000000000000000000000000010000126
700000000000000001202500017727X1449863                         1449863004802330510000001   03500000000000 1806180311                              000000000000000080010402680002103110000180000000000000000000000000000000000000000000000000000000000000000000000000000800000000000000000000000000000000000000000000000000062020000000000000          0000000000000000000000000000000000000000000000000010000127
700000000000000001202500017727X1449863                         1449863004802930310000001   03500000000000 1806180311                              000000000000000080034104540002103110000180000000000000000000000000000000000000000000000000000000000000000000000000000800000000000000000000000000000000000000000000000000062020000000000000          0000000000000000000000000000000000000000000000000010000128
700000000000000001202500017727X1449863                         1449863004802930410000001   03500000000000 1806180311                              000000000000000080034104540002103110000180000000000000000000000000000000000000000000000000000000000000000000000000000800000000000000000000000000000000000000000000000000062020000000000000          0000000000000000000000000000000000000000000000000010000129
700000000000000001202500017727X1449863                         1449863004802930510000001   03500000000000 1806180311                              000000000000000080034104540002103110000180000000000000000000000000000000000000000000000000000000000000000000000000000800000000000000000000000000000000000000000000000000062020000000000000          0000000000000000000000000000000000000000000000000010000130
700000000000000001202500017727X1449863                         1449863004808210310000001   03500000000000 1806180311                              000000000000000080023727160002103110000180000000000000000000000000000000000000000000000000000000000000000000000000000800000000000000000000000000000000000000000000000000062020000000000000          0000000000000000000000000000000000000000000000000010000131
700000000000000001202500017727X1449863                         1449863004808510310000001   03500000000000 1806180311                              000000000000000080003321770002103110000180000000000000000000000000000000000000000000000000000000000000000000000000000800000000000000000000000000000000000000000000000000062020000000000000          0000000000000000000000000000000000000000000000000010000132
700000000000000001202500017727X1449863                         1449863004808610310000001   03500000000000 1806180311                              000000000000000080034101840002103110000180000000000000000000000000000000000000000000000000000000000000000000000000000800000000000000000000000000000000000000000000000000062020000000000000          0000000000000000000000000000000000000000000000000010000133
700000000000000001202500017727X1449863                         1449863004809410310000001   03500000000000 1806180311                              000000000000000080034182520002103110000180000000000000000000000000000000000000000000000000000000000000000000000000000800000000000000000000000000000000000000000000000000062020000000000000          0000000000000000000000000000000000000000000000000010000134
700000000000000001202500017727X1449863                         1449863004819910410000001   03500000000000 1806180311                              000000000000000080000130236002103110000225000000000000000000000000000000000000000000000000000000000000000000000000000800000000000000000000000000000000000000000000000000057520000000000000          0000000000000000000000000000000000000000000000000008000135
9201001          000000000000000000000000000000          000000000000000000000000000000          000000000000000000000000000000          000000000000000000000000000000                                                  000000000000000000000000000000                                                                                                                                                   000136
