02RETORNO01COBRANCA       1202500017727X284723SIND EMP DE EDIF SP ZEL PORT C001BANCO DO BRASIL2903110001892                      000001892201093102                                                                                                                                                                                                                                                       000001
100000000000000001202500017727X28472321      0000000000375479800000000000010000001   027000000 0000000000 1806290311          00000000000010000001000000000000001800939903450003003110000180000000000000000000000000000000000000000000000000000000000000000000000000018009000000000000000000000000000000000000000000000001782920000000000000          0000000000000000000000000000000000000000000000000010000002
100000000000000001202500017727X28472321      0000000000426021100000000000010000001   027000000 0000000000 1806290311          00000000000010000001000000000000000447034104280003003110000180000000000000000000000000000000000000000000000000000000000000000000000000004470000000000000000000000000000000000000000000000000429020000000000000          0000000000000000000000000000000000000000000000000010000003
100000000000000001202500017727X28472321      0000000000426063600000000000010000001   027000000 0000000000 1806290311          00000000000010000001000000000000000132103301170003003110000180000000000000000000000000000000000000000000000000000000000000000000000000001321000000000000000000000000000000000000000000000000114120000000000000          0000000000000000000000000000000000000000000000000010000004
100000000000000001202500017727X28472321      0000000000426069000000000000010000001   027000000 0000000000 1806290311          00000000000010000001000000000000000135834101730003003110000180000000000000000000000000000000000000000000000000000000000000000000000000001358000000000000000000000000000000000000000000000000117820000000000000          0000000000000000000000000000000000000000000000000010000005
100000000000000001202500017727X28472321      0000000000426400000000000000010000001   027000000 0000000000 1806290311          00000000000010000001000000000000000996634108450003003110000180000000000000000000000000000000000000000000000000000000000000000000000000009966000000000000000000000000000000000000000000000000978620000000000000          0000000000000000000000000000000000000000000000000010000006
100000000000000001202500017727X28472321      0000000000426446200000000000010000001   027000000 0000000000 1806290311          00000000000010000001000000000000000595423704780003003110000180000000000000000000000000000000000000000000000000000000000000000000000000005954000000000000000000000000000000000000000000000000577420000000000000          0000000000000000000000000000000000000000000000000010000007
100000000000000001202500017727X28472321      0000000000426489300000000000010000001   027000000 0000000000 1806290311          00000000000010000001000000000000000341434105530003003110000180000000000000000000000000000000000000000000000000000000000000000000000000003414000000000000000000000000000000000000000000000000323420000000000000          0000000000000000000000000000000000000000000000000010000008
100000000000000001202500017727X28472321      0000000000426541100000000000010000001   027000000 0000000000 1806290311          00000000000010000001000000000000000537534107750003003110000180000000000000000000000000000000000000000000000000000000000000000000000000005375000000000000000000000000000000000000000000000000519520000000000000          0000000000000000000000000000000000000000000000000010000009
100000000000000001202500017727X28472321      0000000000426610800000000000010000001   027000000 0000000000 1806290311          00000000000010000001000000000000000489223724230003003110000180000000000000000000000000000000000000000000000000000000000000000000000000004892000000000000000000000000000000000000000000000000471220000000000000          0000000000000000000000000000000000000000000000000010000010
100000000000000001202500017727X28472321      0000000000426673100000000000010000001   027000000 0000000000 1806290311          00000000000010000001000000000000000896734102370003003110000180000000000000000000000000000000000000000000000000000000000000000000000000008967000000000000000000000000000000000000000000000000878720000000000000          0000000000000000000000000000000000000000000000000010000011
100000000000000001202500017727X28472321      0000000000426722100000000000010000001   027000000 0000000000 1806290311          00000000000010000001000000000000001825339903450003003110000180000000000000000000000000000000000000000000000000000000000000000000000000018253000000000000000000000000000000000000000000000001807320000000000000          0000000000000000000000000000000000000000000000000010000012
100000000000000001202500017727X28472321      0000000000426730800000000000010000001   027000000 0000000000 1806290311          00000000000010000001000000000000000749010402360003003110000180000000000000000000000000000000000000000000000000000000000000000000000000007490000000000000000000000000000000000000000000000000731020000000000000          0000000000000000000000000000000000000000000000000010000013
100000000000000001202500017727X28472321      0000000000426754200000000000010000001   027000000 0000000000 1806290311          00000000000010000001000000000000001128910402360003003110000180000000000000000000000000000000000000000000000000000000000000000000000000011289000000000000000000000000000000000000000000000001110920000000000000          0000000000000000000000000000000000000000000000000010000014
100000000000000001202500017727X28472321      0000000000426761000000000000010000001   027000000 0000000000 1806290311          00000000000010000001000000000000000446810402360003003110000180000000000000000000000000000000000000000000000000000000000000000000000000004468000000000000000000000000000000000000000000000000428820000000000000          0000000000000000000000000000000000000000000000000010000015
100000000000000001202500017727X28472321      0000000000426771800000000000010000001   027000000 0000000000 1806290311          00000000000010000001000000000000000650310402360003003110000180000000000000000000000000000000000000000000000000000000000000000000000000006503000000000000000000000000000000000000000000000000632320000000000000          0000000000000000000000000000000000000000000000000010000016
100000000000000001202500017727X28472321      0000000000426778800000000000010000001   027000000 0000000000 1806290311          00000000000010000001000000000000000186034101730003003110000180000000000000000000000000000000000000000000000000000000000000000000000000001860000000000000000000000000000000000000000000000000168020000000000000          0000000000000000000000000000000000000000000000000010000017
100000000000000001202500017727X28472321      0000000000426798500000000000010000001   027000000 0000000000 1806290311          00000000000010000001000000000000000141634101730003003110000180000000000000000000000000000000000000000000000000000000000000000000000000001416000000000000000000000000000000000000000000000000123620000000000000          0000000000000000000000000000000000000000000000000010000018
100000000000000001202500017727X28472321      0000000000426808700000000000010000001   027000000 0000000000 1806290311          00000000000010000001000000000000000651534102370003003110000180000000000000000000000000000000000000000000000000000000000000000000000000006515000000000000000000000000000000000000000000000000633520000000000000          0000000000000000000000000000000000000000000000000010000019
100000000000000001202500017727X28472321      0000000000426827200000000000010000001   027000000 0000000000 1806290311          00000000000010000001000000000000000489710402670003003110000180000000000000000000000000000000000000000000000000000000000000000000000000004897000000000000000000000000000000000000000000000000471720000000000000          0000000000000000000000000000000000000000000000000010000020
100000000000000001202500017727X28472321      0000000000426874600000000000010000001   027000000 0000000000 1806290311          00000000000010000001000000000000000085100135718003003110000225000000000000000000000000000000000000000000000000000000000000000000000000000936000000000008500000000000000000000000000000000000071120000000000000          0000000000000000000000000000000000000000000000000008000021
100000000000000001202500017727X28472321      0000000000426923400000000000010000001   027000000 0000000000 1806290311          00000000000010000001000000000000001057310402360003003110000180000000000000000000000000000000000000000000000000000000000000000000000000010573000000000000000000000000000000000000000000000001039320000000000000          0000000000000000000000000000000000000000000000000010000022
100000000000000001202500017727X28472321      0000000000426928900000000000010000001   027000000 0000000000 1806290311          00000000000010000001000000000000000088810402360003003110000180000000000000000000000000000000000000000000000000000000000000000000000000000888000000000000000000000000000000000000000000000000070820000000000000          0000000000000000000000000000000000000000000000000010000023
100000000000000001202500017727X28472321      0000000000426964200000000000010000001   027000000 0000000000 1806290311          00000000000010000001000000000000000448934101730003003110000180000000000000000000000000000000000000000000000000000000000000000000000000004489000000000000000000000000000000000000000000000000430920000000000000          0000000000000000000000000000000000000000000000000010000024
100000000000000001202500017727X28472321      0000000000427162900000000000010000001   027000000 0000000000 1806290311          00000000000010000001000000000000000493410402360003003110000180000000000000000000000000000000000000000000000000000000000000000000000000004934000000000000000000000000000000000000000000000000475420000000000000          0000000000000000000000000000000000000000000000000010000025
100000000000000001202500017727X28472321      0000000000427216900000000000010000001   027000000 0000000000 1806290311          00000000000010000001000000000000000371334102370003003110000180000000000000000000000000000000000000000000000000000000000000000000000000003713000000000000000000000000000000000000000000000000353320000000000000          0000000000000000000000000000000000000000000000000010000026
100000000000000001202500017727X28472321      0000000000427224600000000000010000001   027000000 0000000000 1806290311          00000000000010000001000000000000000884734106460003003110000180000000000000000000000000000000000000000000000000000000000000000000000000008847000000000000000000000000000000000000000000000000866720000000000000          0000000000000000000000000000000000000000000000000010000027
100000000000000001202500017727X28472321      0000000000427313900000000000010000001   027000000 0000000000 1806290311          00000000000010000001000000000000000082610402360003003110000180000000000000000000000000000000000000000000000000000000000000000000000000000826000000000000000000000000000000000000000000000000064620000000000000          0000000000000000000000000000000000000000000000000010000028
100000000000000001202500017727X28472321      0000000000427498700000000000010000001   027000000 0000000000 1806290311          00000000000010000001000000000000000243234101730003003110000180000000000000000000000000000000000000000000000000000000000000000000000000002432000000000000000000000000000000000000000000000000225220000000000000          0000000000000000000000000000000000000000000000000010000029
100000000000000001202500017727X28472321      0000000000427537300000000000010000001   027000000 0000000000 1806290311          00000000000010000001000000000000000434534101730003003110000180000000000000000000000000000000000000000000000000000000000000000000000000004345000000000000000000000000000000000000000000000000416520000000000000          0000000000000000000000000000000000000000000000000010000030
100000000000000001202500017727X28472321      0000000000427559200000000000010000001   027000000 0000000000 1806290311          00000000000010000001000000000000001425223732570003003110000180000000000000000000000000000000000000000000000000000000000000000000000000014252000000000000000000000000000000000000000000000001407220000000000000          0000000000000000000000000000000000000000000000000010000031
100000000000000001202500017727X28472321      0000000000427559900000000000010000001   027000000 0000000000 1806290311          00000000000010000001000000000000000120810402360003003110000180000000000000000000000000000000000000000000000000000000000000000000000000001208000000000000000000000000000000000000000000000000102820000000000000          0000000000000000000000000000000000000000000000000010000032
100000000000000001202500017727X28472321      0000000000427563800000000000010000001   027000000 0000000000 1806290311          00000000000010000001000000000000002140700157177003003110000225000000000000000000000000000000000000000000000000000000000000000000000000023548000000000214100000000000000000000000000000000002332320000000000000          0000000000000000000000000000000000000000000000000008000033
100000000000000001202500017727X28472321      0000000000427596700000000000010000001   027000000 0000000000 1806290311          00000000000010000001000000000000000127710402360003003110000180000000000000000000000000000000000000000000000000000000000000000000000000001277000000000000000000000000000000000000000000000000109720000000000000          0000000000000000000000000000000000000000000000000010000034
100000000000000001202500017727X28472321      0000000000428036200000000000010000001   027000000 0000000000 1806290311          00000000000010000001000000000000000389610402360003003110000180000000000000000000000000000000000000000000000000000000000000000000000000003896000000000000000000000000000000000000000000000000371620000000000000          0000000000000000000000000000000000000000000000000010000035
100000000000000001202500017727X28472321      0000000000428307300000000000010000001   027000000 0000000000 1806290311          00000000000010000001000000000000000537534101740003003110000180000000000000000000000000000000000000000000000000000000000000000000000000005375000000000000000000000000000000000000000000000000519520000000000000          0000000000000000000000000000000000000000000000000010000036
100000000000000001202500017727X284723                         28472300184010000004   027000000 0000000000 1806290311          28472300184010000004000000000000000465000157177003003110000225000000000000000000000000000000000000000000000000000000000000000000000000004650000000000000000000000000000000000000000000000000442520000000000000          0000000000000000000000000000000000000000000000000008000037
9201001          000000000000000000000000000000          000000000000000000000000000000          000000000000000000000000000000          000000000000000000000000000000                                                  000000000000000000000000000000                                                                                                                                                   000038
