02RETORNO01COBRANCA       1202500017727X000000SIND EMP DE EDIF SP ZEL PORT C001BANCO DO BRASIL2103110000773                      000001511201093102  1449863                                                                                                                                                                                                                                              000001
700000000000000001202500017727X1449863                         1449863001050710310000001   03500000000000 1806210311                              000000000000000080023704490002203110000180000000000000000000000000000000000000000000000000000000000000000000000000000800000000000000000000000000000000000000000000000000062020000000000000          0000000000000000000000000000000000000000000000000010000002
700000000000000001202500017727X1449863                         1449863001051410310000001   03500000000000 1806210311                              000000000000000080010410050002203110000180000000000000000000000000000000000000000000000000000000000000000000000000000800000000000000000000000000000000000000000000000000062020000000000000          0000000000000000000000000000000000000000000000000010000003
700000000000000001202500017727X1449863                         1449863001203910310000001   03500000000000 1806210311                              000000000000000080034106460002203110000180000000000000000000000000000000000000000000000000000000000000000000000000000800000000000000000000000000000000000000000000000000062020000000000000          0000000000000000000000000000000000000000000000000010000004
700000000000000001202500017727X1449863                         1449863001238410310000001   03500000000000 1806210311                              000000000000000080023725680002203110000180000000000000000000000000000000000000000000000000000000000000000000000000000800000000000000000000000000000000000000000000000000062020000000000000          0000000000000000000000000000000000000000000000000010000005
700000000000000001202500017727X1449863                         1449863001265710310000001   03500000000000 1806210311                              000000000000000080003335620002203110000180000000000000000000000000000000000000000000000000000000000000000000000000000800000000000000000000000000000000000000000000000000062020000000000000          0000000000000000000000000000000000000000000000000010000006
700000000000000001202500017727X1449863                         1449863001433310410000001   03500000000000 1806210311                              000000000000000080034104400002203110000180000000000000000000000000000000000000000000000000000000000000000000000000000800000000000000000000000000000000000000000000000000062020000000000000          0000000000000000000000000000000000000000000000000010000007
700000000000000001202500017727X1449863                         1449863001550910310000001   03500000000000 1806210311                              000000000000000080034140730002203110000180000000000000000000000000000000000000000000000000000000000000000000000000000800000000000000000000000000000000000000000000000000062020000000000000          0000000000000000000000000000000000000000000000000010000008
700000000000000001202500017727X1449863                         1449863001559010310000001   03500000000000 1806210311                              000000000000000080003342680002203110000180000000000000000000000000000000000000000000000000000000000000000000000000000800000000000000000000000000000000000000000000000000062020000000000000          0000000000000000000000000000000000000000000000000010000009
700000000000000001202500017727X1449863                         1449863001590410310000001   03500000000000 1806210311                              000000000000000080034184710002203110000180000000000000000000000000000000000000000000000000000000000000000000000000000800000000000000000000000000000000000000000000000000062020000000000000          0000000000000000000000000000000000000000000000000010000010
700000000000000001202500017727X1449863                         1449863001618710310000001   03500000000000 1806210311                              000000000000000080023701330002203110000180000000000000000000000000000000000000000000000000000000000000000000000000000800000000000000000000000000000000000000000000000000062020000000000000          0000000000000000000000000000000000000000000000000010000011
700000000000000001202500017727X1449863                         1449863001651310310000001   03500000000000 1806210311                              000000000000000080003302600002203110000180000000000000000000000000000000000000000000000000000000000000000000000000000800000000000000000000000000000000000000000000000000062020000000000000          0000000000000000000000000000000000000000000000000010000012
700000000000000001202500017727X1449863                         1449863001732410310000001   03500000000000 1806210311                              000000000000000080010441160002203110000180000000000000000000000000000000000000000000000000000000000000000000000000000800000000000000000000000000000000000000000000000000062020000000000000          0000000000000000000000000000000000000000000000000010000013
700000000000000001202500017727X1449863                         1449863001864910410000001   03500000000000 1806210311                              000000000000000080039915110002203110000180000000000000000000000000000000000000000000000000000000000000000000000000000800000000000000000000000000000000000000000000000000062020000000000000          0000000000000000000000000000000000000000000000000010000014
700000000000000001202500017727X1449863                         1449863001940910310000001   03500000000000 1806210311                              000000000000000080010440550002203110000180000000000000000000000000000000000000000000000000000000000000000000000000000800000000000000000000000000000000000000000000000000062020000000000000          0000000000000000000000000000000000000000000000000010000015
700000000000000001202500017727X1449863                         1449863001978110410000001   03500000000000 1806210311                              000000000000000080023704210002203110000180000000000000000000000000000000000000000000000000000000000000000000000000000800000000000000000000000000000000000000000000000000062020000000000000          0000000000000000000000000000000000000000000000000010000016
700000000000000001202500017727X1449863                         1449863002212910310000001   03500000000000 1806210311                              000000000000000080034104290002203110000180000000000000000000000000000000000000000000000000000000000000000000000000000800000000000000000000000000000000000000000000000000062020000000000000          0000000000000000000000000000000000000000000000000010000017
700000000000000001202500017727X1449863                         1449863002270010310000001   03500000000000 1806210311                              000000000000000080039904690002203110000180000000000000000000000000000000000000000000000000000000000000000000000000000800000000000000000000000000000000000000000000000000062020000000000000          0000000000000000000000000000000000000000000000000010000018
700000000000000001202500017727X1449863                         1449863002270010410000001   03500000000000 1806210311                              000000000000000080039904690002203110000180000000000000000000000000000000000000000000000000000000000000000000000000000800000000000000000000000000000000000000000000000000062020000000000000          0000000000000000000000000000000000000000000000000010000019
700000000000000001202500017727X1449863                         1449863002454320310000001   03500000000000 1806210311                              000000000000000080034171710002203110000180000000000000000000000000000000000000000000000000000000000000000000000000000800000000000000000000000000000000000000000000000000062020000000000000          0000000000000000000000000000000000000000000000000010000020
700000000000000001202500017727X1449863                         1449863002454320410000001   03500000000000 1806210311                              000000000000000080034171710002203110000180000000000000000000000000000000000000000000000000000000000000000000000000000800000000000000000000000000000000000000000000000000062020000000000000          0000000000000000000000000000000000000000000000000010000021
700000000000000001202500017727X1449863                         1449863002498310310000001   03500000000000 1806210311                              000000000000000080023704490002203110000180000000000000000000000000000000000000000000000000000000000000000000000000000800000000000000000000000000000000000000000000000000062020000000000000          0000000000000000000000000000000000000000000000000010000022
700000000000000001202500017727X1449863                         1449863002498310410000001   03500000000000 1806210311                              000000000000000080023704490002203110000180000000000000000000000000000000000000000000000000000000000000000000000000000800000000000000000000000000000000000000000000000000062020000000000000          0000000000000000000000000000000000000000000000000010000023
700000000000000001202500017727X1449863                         1449863002556620310000001   03500000000000 1806210311                              00000000000000008000011267X002203110000180000000000000000000000000000000000000000000000000000000000000000000000000000800000000000000000000000000000000000000000000000000062020000000000000          0000000000000000000000000000000000000000000000000007000024
700000000000000001202500017727X1449863                         1449863002672410310000001   03500000000000 1806210311                              000000000000000080003306370002203110000180000000000000000000000000000000000000000000000000000000000000000000000000000800000000000000000000000000000000000000000000000000062020000000000000          0000000000000000000000000000000000000000000000000010000025
700000000000000001202500017727X1449863                         1449863002673710310000001   03500000000000 1806210311                              000000000000000080034105540002203110000180000000000000000000000000000000000000000000000000000000000000000000000000000800000000000000000000000000000000000000000000000000062020000000000000          0000000000000000000000000000000000000000000000000010000026
700000000000000001202500017727X1449863                         1449863002717920310000001   03500000000000 1806210311                              000000000000000080034140730002203110000180000000000000000000000000000000000000000000000000000000000000000000000000000800000000000000000000000000000000000000000000000000062020000000000000          0000000000000000000000000000000000000000000000000010000027
700000000000000001202500017727X1449863                         1449863002781010310000001   03500000000000 1806210311                              000000000000000080034129440002203110000180000000000000000000000000000000000000000000000000000000000000000000000000000800000000000000000000000000000000000000000000000000062020000000000000          0000000000000000000000000000000000000000000000000010000028
700000000000000001202500017727X1449863                         1449863002806610310000001   03500000000000 1806210311                              000000000000000080023708390002203110000180000000000000000000000000000000000000000000000000000000000000000000000000000800000000000000000000000000000000000000000000000000062020000000000000          0000000000000000000000000000000000000000000000000010000029
700000000000000001202500017727X1449863                         1449863002808210310000001   03500000000000 1806210311                              000000000000000080023700900002203110000180000000000000000000000000000000000000000000000000000000000000000000000000000800000000000000000000000000000000000000000000000000062020000000000000          0000000000000000000000000000000000000000000000000010000030
700000000000000001202500017727X1449863                         1449863002818410310000001   03500000000000 1806210311                              000000000000000080034184980002203110000180000000000000000000000000000000000000000000000000000000000000000000000000000800000000000000000000000000000000000000000000000000062020000000000000          0000000000000000000000000000000000000000000000000010000031
700000000000000001202500017727X1449863                         1449863002859110310000001   03500000000000 1806210311                              000000000000000080010429280002203110000180000000000000000000000000000000000000000000000000000000000000000000000000000800000000000000000000000000000000000000000000000000062020000000000000          0000000000000000000000000000000000000000000000000010000032
700000000000000001202500017727X1449863                         1449863002980130310000001   03500000000000 1806210311                              000000000000000080023720030002203110000180000000000000000000000000000000000000000000000000000000000000000000000000000800000000000000000000000000000000000000000000000000062020000000000000          0000000000000000000000000000000000000000000000000010000033
700000000000000001202500017727X1449863                         1449863002980130410000001   03500000000000 1806210311                              000000000000000080023720030002203110000180000000000000000000000000000000000000000000000000000000000000000000000000000800000000000000000000000000000000000000000000000000062020000000000000          0000000000000000000000000000000000000000000000000010000034
700000000000000001202500017727X1449863                         1449863002984010310000001   03500000000000 1806210311                              000000000000000080006500010002203110000180000000000000000000000000000000000000000000000000000000000000000000000000000800000000000000000000000000000000000000000000000000062020000000000000          0000000000000000000000000000000000000000000000000010000035
700000000000000001202500017727X1449863                         1449863002984010410000001   03500000000000 1806210311                              000000000000000080006500010002203110000180000000000000000000000000000000000000000000000000000000000000000000000000000800000000000000000000000000000000000000000000000000062020000000000000          0000000000000000000000000000000000000000000000000010000036
700000000000000001202500017727X1449863                         1449863002984010510000001   03500000000000 1806210311                              000000000000000080006500010002203110000180000000000000000000000000000000000000000000000000000000000000000000000000000800000000000000000000000000000000000000000000000000062020000000000000          0000000000000000000000000000000000000000000000000010000037
700000000000000001202500017727X1449863                         1449863002994910310000001   03500000000000 1806210311                              000000000000000080023717890002203110000180000000000000000000000000000000000000000000000000000000000000000000000000000800000000000000000000000000000000000000000000000000062020000000000000          0000000000000000000000000000000000000000000000000010000038
700000000000000001202500017727X1449863                         1449863003009920310000001   03500000000000 1806180311                              000000000000000080000115164002103110000180000000000000000000000000000000000000000000000000000000000000000000000000000800000000000000000000000000000000000000000000000000062020000000000000          0000000000000000000000000000000000000000000000000007000039
700000000000000001202500017727X1449863                         1449863003058810310000001   03500000000000 1806210311                              000000000000000080034174710002203110000180000000000000000000000000000000000000000000000000000000000000000000000000000800000000000000000000000000000000000000000000000000062020000000000000          0000000000000000000000000000000000000000000000000010000040
700000000000000001202500017727X1449863                         1449863003142610310000001   03500000000000 1806210311                              000000000000000080034165130002203110000180000000000000000000000000000000000000000000000000000000000000000000000000000800000000000000000000000000000000000000000000000000062020000000000000          0000000000000000000000000000000000000000000000000010000041
700000000000000001202500017727X1449863                         1449863003169610310000001   03500000000000 1806210311                              000000000000000080023728470002203110000180000000000000000000000000000000000000000000000000000000000000000000000000000800000000000000000000000000000000000000000000000000062020000000000000          0000000000000000000000000000000000000000000000000010000042
700000000000000001202500017727X1449863                         1449863003203930310000001   03500000000000 1806210311                              000000000000000080010441050002203110000180000000000000000000000000000000000000000000000000000000000000000000000000000800000000000000000000000000000000000000000000000000062020000000000000          0000000000000000000000000000000000000000000000000010000043
700000000000000001202500017727X1449863                         1449863003221310310000001   03500000000000 1806210311                              000000000000000080039919630002203110000180000000000000000000000000000000000000000000000000000000000000000000000000000800000000000000000000000000000000000000000000000000062020000000000000          0000000000000000000000000000000000000000000000000010000044
700000000000000001202500017727X1449863                         1449863003426510310000001   03500000000000 1806210311                              000000000000000080010428710002203110000180000000000000000000000000000000000000000000000000000000000000000000000000000800000000000000000000000000000000000000000000000000062020000000000000          0000000000000000000000000000000000000000000000000010000045
700000000000000001202500017727X1449863                         1449863003440610310000001   03500000000000 1806210311                              000000000000000080010429250002203110000180000000000000000000000000000000000000000000000000000000000000000000000000000800000000000000000000000000000000000000000000000000062020000000000000          0000000000000000000000000000000000000000000000000010000046
700000000000000001202500017727X1449863                         1449863003455310310000001   03500000000000 1806210311                              000000000000000080034107710002203110000180000000000000000000000000000000000000000000000000000000000000000000000000000800000000000000000000000000000000000000000000000000062020000000000000          0000000000000000000000000000000000000000000000000010000047
700000000000000001202500017727X1449863                         1449863003467020310000001   03500000000000 1806210311                              000000000000000080034187300002203110000180000000000000000000000000000000000000000000000000000000000000000000000000000800000000000000000000000000000000000000000000000000062020000000000000          0000000000000000000000000000000000000000000000000010000048
700000000000000001202500017727X1449863                         1449863003467020410000001   03500000000000 1806210311                              000000000000000080034187300002203110000180000000000000000000000000000000000000000000000000000000000000000000000000000800000000000000000000000000000000000000000000000000062020000000000000          0000000000000000000000000000000000000000000000000010000049
700000000000000001202500017727X1449863                         1449863003468610310000001   03500000000000 1806210311                              000000000000000080010428790002203110000180000000000000000000000000000000000000000000000000000000000000000000000000000800000000000000000000000000000000000000000000000000062020000000000000          0000000000000000000000000000000000000000000000000010000050
700000000000000001202500017727X1449863                         1449863003524510310000001   03500000000000 1806210311                              000000000000000080010402740002203110000180000000000000000000000000000000000000000000000000000000000000000000000000000800000000000000000000000000000000000000000000000000062020000000000000          0000000000000000000000000000000000000000000000000010000051
700000000000000001202500017727X1449863                         1449863003631110310000001   03500000000000 1806210311                              000000000000000080010432160002203110000180000000000000000000000000000000000000000000000000000000000000000000000000000800000000000000000000000000000000000000000000000000062020000000000000          0000000000000000000000000000000000000000000000000010000052
700000000000000001202500017727X1449863                         1449863003719120310000001   03500000000000 1806210311                              000000000000000080034167330002203110000180000000000000000000000000000000000000000000000000000000000000000000000000000800000000000000000000000000000000000000000000000000062020000000000000          0000000000000000000000000000000000000000000000000010000053
700000000000000001202500017727X1449863                         1449863003766120310000001   03500000000000 1806210311                              000000000000000080034170570002203110000180000000000000000000000000000000000000000000000000000000000000000000000000000800000000000000000000000000000000000000000000000000062020000000000000          0000000000000000000000000000000000000000000000000010000054
700000000000000001202500017727X1449863                         1449863003785210310000001   03500000000000 1806210311                              000000000000000080034181700002203110000180000000000000000000000000000000000000000000000000000000000000000000000000000800000000000000000000000000000000000000000000000000062020000000000000          0000000000000000000000000000000000000000000000000010000055
700000000000000001202500017727X1449863                         1449863003813110310000001   03500000000000 1806210311                              000000000000000080034180880002203110000180000000000000000000000000000000000000000000000000000000000000000000000000000800000000000000000000000000000000000000000000000000062020000000000000          0000000000000000000000000000000000000000000000000010000056
700000000000000001202500017727X1449863                         1449863003825630310000001   03500000000000 1806210311                              000000000000000080034107750002203110000180000000000000000000000000000000000000000000000000000000000000000000000000000800000000000000000000000000000000000000000000000000062020000000000000          0000000000000000000000000000000000000000000000000010000057
700000000000000001202500017727X1449863                         1449863003825630410000001   03500000000000 1806210311                              000000000000000080034107750002203110000180000000000000000000000000000000000000000000000000000000000000000000000000000800000000000000000000000000000000000000000000000000062020000000000000          0000000000000000000000000000000000000000000000000010000058
700000000000000001202500017727X1449863                         1449863003825630510000001   03500000000000 1806210311                              000000000000000080034107750002203110000180000000000000000000000000000000000000000000000000000000000000000000000000000800000000000000000000000000000000000000000000000000062020000000000000          0000000000000000000000000000000000000000000000000010000059
700000000000000001202500017727X1449863                         1449863003942110310000001   03500000000000 1806210311                              000000000000000080023727640002203110000180000000000000000000000000000000000000000000000000000000000000000000000000000800000000000000000000000000000000000000000000000000062020000000000000          0000000000000000000000000000000000000000000000000010000060
700000000000000001202500017727X1449863                         1449863003944610310000001   03500000000000 1806210311                              000000000000000080023717560002203110000180000000000000000000000000000000000000000000000000000000000000000000000000000800000000000000000000000000000000000000000000000000062020000000000000          0000000000000000000000000000000000000000000000000010000061
700000000000000001202500017727X1449863                         1449863003944610410000001   03500000000000 1806210311                              000000000000000080023717560002203110000180000000000000000000000000000000000000000000000000000000000000000000000000000800000000000000000000000000000000000000000000000000062020000000000000          0000000000000000000000000000000000000000000000000010000062
700000000000000001202500017727X1449863                         1449863003966010310000001   03500000000000 1806210311                              000000000000000080034115710002203110000180000000000000000000000000000000000000000000000000000000000000000000000000000800000000000000000000000000000000000000000000000000062020000000000000          0000000000000000000000000000000000000000000000000010000063
700000000000000001202500017727X1449863                         1449863004030110310000001   03500000000000 1806210311                              000000000000000080034184640002203110000180000000000000000000000000000000000000000000000000000000000000000000000000000800000000000000000000000000000000000000000000000000062020000000000000          0000000000000000000000000000000000000000000000000010000064
700000000000000001202500017727X1449863                         1449863004092010410000001   03500000000000 1806210311                              000000000000000080000143028002203110000180000000000000000000000000000000000000000000000000000000000000000000000000000800000000000000000000000000000000000000000000000000062020000000000000          0000000000000000000000000000000000000000000000000007000065
700000000000000001202500017727X1449863                         1449863004113710310000001   03500000000000 1806210311                              000000000000000080034104280002203110000180000000000000000000000000000000000000000000000000000000000000000000000000000800000000000000000000000000000000000000000000000000062020000000000000          0000000000000000000000000000000000000000000000000010000066
700000000000000001202500017727X1449863                         1449863004167240310000001   03500000000000 1806210311                              000000000000000080023733380002203110000180000000000000000000000000000000000000000000000000000000000000000000000000000800000000000000000000000000000000000000000000000000062020000000000000          0000000000000000000000000000000000000000000000000010000067
700000000000000001202500017727X1449863                         1449863004167240410000001   03500000000000 1806210311                              000000000000000080023733380002203110000180000000000000000000000000000000000000000000000000000000000000000000000000000800000000000000000000000000000000000000000000000000062020000000000000          0000000000000000000000000000000000000000000000000010000068
700000000000000001202500017727X1449863                         1449863004167240510000001   03500000000000 1806210311                              000000000000000080023733380002203110000180000000000000000000000000000000000000000000000000000000000000000000000000000800000000000000000000000000000000000000000000000000062020000000000000          0000000000000000000000000000000000000000000000000010000069
700000000000000001202500017727X1449863                         1449863004167240610000001   03500000000000 1806210311                              000000000000000080023733380002203110000180000000000000000000000000000000000000000000000000000000000000000000000000000800000000000000000000000000000000000000000000000000062020000000000000          0000000000000000000000000000000000000000000000000010000070
700000000000000001202500017727X1449863                         1449863004172410310000001   03500000000000 1806210311                              000000000000000080010402550002203110000180000000000000000000000000000000000000000000000000000000000000000000000000000800000000000000000000000000000000000000000000000000062020000000000000          0000000000000000000000000000000000000000000000000010000071
700000000000000001202500017727X1449863                         1449863004230320310000001   03500000000000 1806210311                              000000000000000080034174860002203110000180000000000000000000000000000000000000000000000000000000000000000000000000000800000000000000000000000000000000000000000000000000062020000000000000          0000000000000000000000000000000000000000000000000010000072
700000000000000001202500017727X1449863                         1449863004255720310000001   03500000000000 1806210311                              000000000000000080034115460002203110000180000000000000000000000000000000000000000000000000000000000000000000000000000800000000000000000000000000000000000000000000000000062020000000000000          0000000000000000000000000000000000000000000000000010000073
700000000000000001202500017727X1449863                         1449863004293920310000001   03500000000000 1806210311                              000000000000000080000118171002203110000225000000000000000000000000000000000000000000000000000000000000000000000000000800000000000000000000000000000000000000000000000000057520000000000000          0000000000000000000000000000000000000000000000000008000074
700000000000000001202500017727X1449863                         1449863004297710310000001   03500000000000 1806210311                              000000000000000080010402740002203110000180000000000000000000000000000000000000000000000000000000000000000000000000000800000000000000000000000000000000000000000000000000062020000000000000          0000000000000000000000000000000000000000000000000010000075
700000000000000001202500017727X1449863                         1449863004300710310000001   03500000000000 1806210311                              000000000000000080023708390002203110000180000000000000000000000000000000000000000000000000000000000000000000000000000800000000000000000000000000000000000000000000000000062020000000000000          0000000000000000000000000000000000000000000000000010000076
700000000000000001202500017727X1449863                         1449863004310140110000001   03500000000000 1806210311                              000000000000000080000107196002203110000225000000000000000000000000000000000000000000000000000000000000000000000000000895000000000009500000000000000000000000000000000000067020000000000000          0000000000000000000000000000000000000000000000000008000077
700000000000000001202500017727X1449863                         1449863004310140210000001   03500000000000 1806210311                              000000000000000080000107196002203110000225000000000000000000000000000000000000000000000000000000000000000000000000000835000000000003500000000000000000000000000000000000061020000000000000          0000000000000000000000000000000000000000000000000008000078
700000000000000001202500017727X1449863                         1449863004310140310000001   03500000000000 1806210311                              000000000000000080000107196002203110000225000000000000000000000000000000000000000000000000000000000000000000000000000800000000000000000000000000000000000000000000000000057520000000000000          0000000000000000000000000000000000000000000000000008000079
700000000000000001202500017727X1449863                         1449863004310140410000001   03500000000000 1806210311                              000000000000000080000107196002203110000225000000000000000000000000000000000000000000000000000000000000000000000000000800000000000000000000000000000000000000000000000000057520000000000000          0000000000000000000000000000000000000000000000000008000080
700000000000000001202500017727X1449863                         1449863004310141210000001   03500000000000 1806210311                              000000000000000080000107196002203110000225000000000000000000000000000000000000000000000000000000000000000000000000000955000000000015500000000000000000000000000000000000073020000000000000          0000000000000000000000000000000000000000000000000008000081
700000000000000001202500017727X1449863                         1449863004327720310000001   03500000000000 1806210311                              000000000000000080023701970002203110000180000000000000000000000000000000000000000000000000000000000000000000000000000800000000000000000000000000000000000000000000000000062020000000000000          0000000000000000000000000000000000000000000000000010000082
700000000000000001202500017727X1449863                         1449863004341020310000001   03500000000000 1806210311                              000000000000000080034115710002203110000180000000000000000000000000000000000000000000000000000000000000000000000000000800000000000000000000000000000000000000000000000000062020000000000000          0000000000000000000000000000000000000000000000000010000083
700000000000000001202500017727X1449863                         1449863004360530310000001   03500000000000 1806210311                              000000000000000080034130360002203110000180000000000000000000000000000000000000000000000000000000000000000000000000000800000000000000000000000000000000000000000000000000062020000000000000          0000000000000000000000000000000000000000000000000010000084
700000000000000001202500017727X1449863                         1449863004375410310000001   03500000000000 1806210311                              000000000000000080034129590002203110000180000000000000000000000000000000000000000000000000000000000000000000000000000800000000000000000000000000000000000000000000000000062020000000000000          0000000000000000000000000000000000000000000000000010000085
700000000000000001202500017727X1449863                         1449863004398910310000001   03500000000000 1806210311                              000000000000000080034187260002203110000180000000000000000000000000000000000000000000000000000000000000000000000000000800000000000000000000000000000000000000000000000000062020000000000000          0000000000000000000000000000000000000000000000000010000086
700000000000000001202500017727X1449863                         1449863004402210310000001   03500000000000 1806210311                              000000000000000080034101670002203110000180000000000000000000000000000000000000000000000000000000000000000000000000000800000000000000000000000000000000000000000000000000062020000000000000          0000000000000000000000000000000000000000000000000010000087
700000000000000001202500017727X1449863                         1449863004408510310000001   03500000000000 1806210311                              000000000000000080034178470002203110000180000000000000000000000000000000000000000000000000000000000000000000000000000800000000000000000000000000000000000000000000000000062020000000000000          0000000000000000000000000000000000000000000000000010000088
700000000000000001202500017727X1449863                         1449863004428810310000001   03500000000000 1806210311                              000000000000000080023700550002203110000180000000000000000000000000000000000000000000000000000000000000000000000000000800000000000000000000000000000000000000000000000000062020000000000000          0000000000000000000000000000000000000000000000000010000089
700000000000000001202500017727X1449863                         1449863004462510310000001   03500000000000 1806210311                              000000000000000080010431070002203110000180000000000000000000000000000000000000000000000000000000000000000000000000000800000000000000000000000000000000000000000000000000062020000000000000          0000000000000000000000000000000000000000000000000010000090
700000000000000001202500017727X1449863                         1449863004469330310000001   03500000000000 1806210311                              000000000000000080023729800002203110000180000000000000000000000000000000000000000000000000000000000000000000000000000800000000000000000000000000000000000000000000000000062020000000000000          0000000000000000000000000000000000000000000000000010000091
700000000000000001202500017727X1449863                         1449863004480210510000001   03500000000000 1806210311                              000000000000000080003337190002203110000180000000000000000000000000000000000000000000000000000000000000000000000000000800000000000000000000000000000000000000000000000000062020000000000000          0000000000000000000000000000000000000000000000000010000092
700000000000000001202500017727X1449863                         1449863004490610310000001   03500000000000 1806210311                              000000000000000080010431070002203110000180000000000000000000000000000000000000000000000000000000000000000000000000000800000000000000000000000000000000000000000000000000062020000000000000          0000000000000000000000000000000000000000000000000010000093
700000000000000001202500017727X1449863                         1449863004495430310000001   03500000000000 1806210311                              000000000000000080034100770002203110000180000000000000000000000000000000000000000000000000000000000000000000000000000800000000000000000000000000000000000000000000000000062020000000000000          0000000000000000000000000000000000000000000000000010000094
700000000000000001202500017727X1449863                         1449863004495920310000001   03500000000000 1806210311                              000000000000000080034110120002203110000180000000000000000000000000000000000000000000000000000000000000000000000000000800000000000000000000000000000000000000000000000000062020000000000000          0000000000000000000000000000000000000000000000000010000095
700000000000000001202500017727X1449863                         1449863004512410310000001   03500000000000 1806210311                              000000000000000080034174130002203110000180000000000000000000000000000000000000000000000000000000000000000000000000000800000000000000000000000000000000000000000000000000062020000000000000          0000000000000000000000000000000000000000000000000010000096
700000000000000001202500017727X1449863                         1449863004550220310000001   03500000000000 1806210311                              000000000000000080010441160002203110000180000000000000000000000000000000000000000000000000000000000000000000000000000800000000000000000000000000000000000000000000000000062020000000000000          0000000000000000000000000000000000000000000000000010000097
700000000000000001202500017727X1449863                         1449863004560210310000001   03500000000000 1806210311                              000000000000000080034155900002203110000180000000000000000000000000000000000000000000000000000000000000000000000000000800000000000000000000000000000000000000000000000000062020000000000000          0000000000000000000000000000000000000000000000000010000098
700000000000000001202500017727X1449863                         1449863004576010310000001   03500000000000 1806210311                              000000000000000080034180950002203110000180000000000000000000000000000000000000000000000000000000000000000000000000000800000000000000000000000000000000000000000000000000062020000000000000          0000000000000000000000000000000000000000000000000010000099
700000000000000001202500017727X1449863                         1449863004590810310000001   03500000000000 1806210311                              000000000000000080003347240002203110000180000000000000000000000000000000000000000000000000000000000000000000000000000800000000000000000000000000000000000000000000000000062020000000000000          0000000000000000000000000000000000000000000000000010000100
700000000000000001202500017727X1449863                         1449863004595810310000001   03500000000000 1806210311                              000000000000000080010413670002203110000180000000000000000000000000000000000000000000000000000000000000000000000000000800000000000000000000000000000000000000000000000000062020000000000000          0000000000000000000000000000000000000000000000000010000101
700000000000000001202500017727X1449863                         1449863004610020410000001   03500000000000 1806210311                              000000000000000080023727750002203110000180000000000000000000000000000000000000000000000000000000000000000000000000000800000000000000000000000000000000000000000000000000062020000000000000          0000000000000000000000000000000000000000000000000010000102
700000000000000001202500017727X1449863                         1449863004610020510000001   03500000000000 1806210311                              000000000000000080023727750002203110000180000000000000000000000000000000000000000000000000000000000000000000000000000800000000000000000000000000000000000000000000000000062020000000000000          0000000000000000000000000000000000000000000000000010000103
700000000000000001202500017727X1449863                         1449863004610020610000001   03500000000000 1806210311                              000000000000000080023727750002203110000180000000000000000000000000000000000000000000000000000000000000000000000000000800000000000000000000000000000000000000000000000000062020000000000000          0000000000000000000000000000000000000000000000000010000104
700000000000000001202500017727X1449863                         1449863004628820310000001   03500000000000 1806210311                              000000000000000080010430100002203110000180000000000000000000000000000000000000000000000000000000000000000000000000000800000000000000000000000000000000000000000000000000062020000000000000          0000000000000000000000000000000000000000000000000010000105
700000000000000001202500017727X1449863                         1449863004650620310000001   03500000000000 1806210311                              000000000000000080034115710002203110000180000000000000000000000000000000000000000000000000000000000000000000000000000800000000000000000000000000000000000000000000000000062020000000000000          0000000000000000000000000000000000000000000000000010000106
700000000000000001202500017727X1449863                         1449863004659040310000001   03500000000000 1806210311                              000000000000000080023713360002203110000180000000000000000000000000000000000000000000000000000000000000000000000000000800000000000000000000000000000000000000000000000000062020000000000000          0000000000000000000000000000000000000000000000000010000107
700000000000000001202500017727X1449863                         1449863004682540310000001   03500000000000 1806210311                              000000000000000080010441050002203110000180000000000000000000000000000000000000000000000000000000000000000000000000000800000000000000000000000000000000000000000000000000062020000000000000          0000000000000000000000000000000000000000000000000010000108
700000000000000001202500017727X1449863                         1449863004688110310000001   03500000000000 1806210311                              000000000000000080034188460002203110000180000000000000000000000000000000000000000000000000000000000000000000000000000800000000000000000000000000000000000000000000000000062020000000000000          0000000000000000000000000000000000000000000000000010000109
700000000000000001202500017727X1449863                         1449863004688110410000001   03500000000000 1806210311                              000000000000000080034188460002203110000180000000000000000000000000000000000000000000000000000000000000000000000000000800000000000000000000000000000000000000000000000000062020000000000000          0000000000000000000000000000000000000000000000000010000110
700000000000000001202500017727X1449863                         1449863004724310310000001   03500000000000 1806210311                              000000000000000080034144650002203110000180000000000000000000000000000000000000000000000000000000000000000000000000000800000000000000000000000000000000000000000000000000062020000000000000          0000000000000000000000000000000000000000000000000010000111
700000000000000001202500017727X1449863                         1449863004733110310000001   03500000000000 1806210311                              000000000000000080034101860002203110000180000000000000000000000000000000000000000000000000000000000000000000000000000800000000000000000000000000000000000000000000000000062020000000000000          0000000000000000000000000000000000000000000000000010000112
700000000000000001202500017727X1449863                         1449863004739920310000001   03500000000000 1806210311                              000000000000000080023714260002203110000180000000000000000000000000000000000000000000000000000000000000000000000000000800000000000000000000000000000000000000000000000000062020000000000000          0000000000000000000000000000000000000000000000000010000113
700000000000000001202500017727X1449863                         1449863004739920410000001   03500000000000 1806210311                              000000000000000080023714260002203110000180000000000000000000000000000000000000000000000000000000000000000000000000000800000000000000000000000000000000000000000000000000062020000000000000          0000000000000000000000000000000000000000000000000010000114
700000000000000001202500017727X1449863                         1449863004743120310000001   03500000000000 1806210311                              000000000000000080010440100002203110000180000000000000000000000000000000000000000000000000000000000000000000000000000800000000000000000000000000000000000000000000000000062020000000000000          0000000000000000000000000000000000000000000000000010000115
700000000000000001202500017727X1449863                         1449863004748010310000001   03500000000000 1806210311                              000000000000000080034115460002203110000180000000000000000000000000000000000000000000000000000000000000000000000000000800000000000000000000000000000000000000000000000000062020000000000000          0000000000000000000000000000000000000000000000000010000116
700000000000000001202500017727X1449863                         1449863004752410310000001   03500000000000 1806210311                              000000000000000080034101800002203110000180000000000000000000000000000000000000000000000000000000000000000000000000000800000000000000000000000000000000000000000000000000062020000000000000          0000000000000000000000000000000000000000000000000010000117
700000000000000001202500017727X1449863                         1449863004752410410000001   03500000000000 1806210311                              000000000000000080034101800002203110000180000000000000000000000000000000000000000000000000000000000000000000000000000800000000000000000000000000000000000000000000000000062020000000000000          0000000000000000000000000000000000000000000000000010000118
700000000000000001202500017727X1449863                         1449863004752410510000001   03500000000000 1806210311                              000000000000000080034101800002203110000180000000000000000000000000000000000000000000000000000000000000000000000000000800000000000000000000000000000000000000000000000000062020000000000000          0000000000000000000000000000000000000000000000000010000119
700000000000000001202500017727X1449863                         1449863004752410610000001   03500000000000 1806210311                              000000000000000080034101800002203110000180000000000000000000000000000000000000000000000000000000000000000000000000000800000000000000000000000000000000000000000000000000062020000000000000          0000000000000000000000000000000000000000000000000010000120
700000000000000001202500017727X1449863                         1449863004752410710000001   03500000000000 1806210311                              000000000000000080034101800002203110000180000000000000000000000000000000000000000000000000000000000000000000000000000800000000000000000000000000000000000000000000000000062020000000000000          0000000000000000000000000000000000000000000000000010000121
700000000000000001202500017727X1449863                         1449863004764710310000001   03500000000000 1806210311                              000000000000000080023765450002203110000180000000000000000000000000000000000000000000000000000000000000000000000000000800000000000000000000000000000000000000000000000000062020000000000000          0000000000000000000000000000000000000000000000000010000122
700000000000000001202500017727X1449863                         1449863004764710410000001   03500000000000 1806210311                              000000000000000080023765450002203110000180000000000000000000000000000000000000000000000000000000000000000000000000000800000000000000000000000000000000000000000000000000062020000000000000          0000000000000000000000000000000000000000000000000010000123
700000000000000001202500017727X1449863                         1449863004775310310000001   03500000000000 1806210311                              000000000000000080010429410002203110000180000000000000000000000000000000000000000000000000000000000000000000000000000800000000000000000000000000000000000000000000000000062020000000000000          0000000000000000000000000000000000000000000000000010000124
700000000000000001202500017727X1449863                         1449863004788920310000001   03500000000000 1806210311                              000000000000000080010413670002203110000180000000000000000000000000000000000000000000000000000000000000000000000000000800000000000000000000000000000000000000000000000000062020000000000000          0000000000000000000000000000000000000000000000000010000125
700000000000000001202500017727X1449863                         1449863004788920410000001   03500000000000 1806210311                              000000000000000080010413670002203110000180000000000000000000000000000000000000000000000000000000000000000000000000000800000000000000000000000000000000000000000000000000062020000000000000          0000000000000000000000000000000000000000000000000010000126
700000000000000001202500017727X1449863                         1449863004796710310000001   03500000000000 1806210311                              000000000000000080034107860002203110000180000000000000000000000000000000000000000000000000000000000000000000000000000800000000000000000000000000000000000000000000000000062020000000000000          0000000000000000000000000000000000000000000000000010000127
700000000000000001202500017727X1449863                         1449863004796710410000001   03500000000000 1806210311                              000000000000000080034107860002203110000180000000000000000000000000000000000000000000000000000000000000000000000000000800000000000000000000000000000000000000000000000000062020000000000000          0000000000000000000000000000000000000000000000000010000128
700000000000000001202500017727X1449863                         1449863004797810310000001   03500000000000 1806210311                              000000000000000080034100570002203110000180000000000000000000000000000000000000000000000000000000000000000000000000000800000000000000000000000000000000000000000000000000062020000000000000          0000000000000000000000000000000000000000000000000010000129
700000000000000001202500017727X1449863                         1449863004803210410000001   03500000000000 1806210311                              000000000000000080023705590002203110000180000000000000000000000000000000000000000000000000000000000000000000000000000800000000000000000000000000000000000000000000000000062020000000000000          0000000000000000000000000000000000000000000000000010000130
700000000000000001202500017727X1449863                         1449863004803310310000001   03500000000000 1806210311                              000000000000000080010406050002203110000180000000000000000000000000000000000000000000000000000000000000000000000000000800000000000000000000000000000000000000000000000000062020000000000000          0000000000000000000000000000000000000000000000000010000131
700000000000000001202500017727X1449863                         1449863004804930310000001   03500000000000 1806210311                              000000000000000080023704980002203110000180000000000000000000000000000000000000000000000000000000000000000000000000000800000000000000000000000000000000000000000000000000062020000000000000          0000000000000000000000000000000000000000000000000010000132
700000000000000001202500017727X1449863                         1449863004804930410000001   03500000000000 1806210311                              000000000000000080023704980002203110000180000000000000000000000000000000000000000000000000000000000000000000000000000800000000000000000000000000000000000000000000000000062020000000000000          0000000000000000000000000000000000000000000000000010000133
700000000000000001202500017727X1449863                         1449863004804930510000001   03500000000000 1806210311                              000000000000000080023704980002203110000180000000000000000000000000000000000000000000000000000000000000000000000000000800000000000000000000000000000000000000000000000000062020000000000000          0000000000000000000000000000000000000000000000000010000134
700000000000000001202500017727X1449863                         1449863004804930610000001   03500000000000 1806210311                              000000000000000080023704980002203110000180000000000000000000000000000000000000000000000000000000000000000000000000000800000000000000000000000000000000000000000000000000062020000000000000          0000000000000000000000000000000000000000000000000010000135
700000000000000001202500017727X1449863                         1449863004804930710000001   03500000000000 1806210311                              000000000000000080023704980002203110000180000000000000000000000000000000000000000000000000000000000000000000000000000800000000000000000000000000000000000000000000000000062020000000000000          0000000000000000000000000000000000000000000000000010000136
700000000000000001202500017727X1449863                         1449863004807030310000001   03500000000000 1806210311                              000000000000000080010412340002203110000180000000000000000000000000000000000000000000000000000000000000000000000000000800000000000000000000000000000000000000000000000000062020000000000000          0000000000000000000000000000000000000000000000000010000137
700000000000000001202500017727X1449863                         1449863004809210310000001   03500000000000 1806210311                              000000000000000080023731140002203110000180000000000000000000000000000000000000000000000000000000000000000000000000000800000000000000000000000000000000000000000000000000062020000000000000          0000000000000000000000000000000000000000000000000010000138
700000000000000001202500017727X1449863                         1449863004809210410000001   03500000000000 1806210311                              000000000000000080023731140002203110000180000000000000000000000000000000000000000000000000000000000000000000000000000800000000000000000000000000000000000000000000000000062020000000000000          0000000000000000000000000000000000000000000000000010000139
700000000000000001202500017727X1449863                         1449863004810010310000001   03500000000000 1806210311                              000000000000000080034107860002203110000180000000000000000000000000000000000000000000000000000000000000000000000000000800000000000000000000000000000000000000000000000000062020000000000000          0000000000000000000000000000000000000000000000000010000140
700000000000000001202500017727X1449863                         1449863004810530310000001   03500000000000 1806210311                              000000000000000080023702930002203110000180000000000000000000000000000000000000000000000000000000000000000000000000000800000000000000000000000000000000000000000000000000062020000000000000          0000000000000000000000000000000000000000000000000010000141
700000000000000001202500017727X1449863                         1449863004812810310000001   03500000000000 1806210311                              000000000000000080023701050002203110000180000000000000000000000000000000000000000000000000000000000000000000000000000800000000000000000000000000000000000000000000000000062020000000000000          0000000000000000000000000000000000000000000000000010000142
700000000000000001202500017727X1449863                         1449863004812810410000001   03500000000000 1806210311                              000000000000000080023701050002203110000180000000000000000000000000000000000000000000000000000000000000000000000000000800000000000000000000000000000000000000000000000000062020000000000000          0000000000000000000000000000000000000000000000000010000143
700000000000000001202500017727X1449863                         1449863004812810510000001   03500000000000 1806210311                              000000000000000080023701050002203110000180000000000000000000000000000000000000000000000000000000000000000000000000000800000000000000000000000000000000000000000000000000062020000000000000          0000000000000000000000000000000000000000000000000010000144
700000000000000001202500017727X1449863                         1449863004814710410000001   03500000000000 1806210311                              000000000000000080023714260002203110000180000000000000000000000000000000000000000000000000000000000000000000000000000800000000000000000000000000000000000000000000000000062020000000000000          0000000000000000000000000000000000000000000000000010000145
700000000000000001202500017727X1449863                         1449863004820210410000001   03500000000000 1806210311                              000000000000000080034178000002203110000180000000000000000000000000000000000000000000000000000000000000000000000000000800000000000000000000000000000000000000000000000000062020000000000000          0000000000000000000000000000000000000000000000000010000146
9201001          000000000000000000000000000000          000000000000000000000000000000          000000000000000000000000000000          000000000000000000000000000000                                                  000000000000000000000000000000                                                                                                                                                   000147
