02RETORNO01COBRANCA       1202500017727X284723SIND EMP DE EDIF SP ZEL PORT C001BANCO DO BRASIL2802110001873                      000001873201093102                                                                                                                                                                                                                                                       000001
100000000000000001202500017727X28472321      0000000000426394300000000000010000001   027000000 0000000000 1806280211          00000000000010000001000000000000000605623702870000103110000180000000000000000000000000000000000000000000000000000000000000000000000000006056000000000000000000000000000000000000000000000000587620000000000000          0000000000000000000000000000000000000000000000000010000002
100000000000000001202500017727X28472321      0000000000427109900000000000010000001   027000000 0000000000 1806280211          00000000000010000001000000000000000931223725680000103110000180000000000000000000000000000000000000000000000000000000000000000000000000009312000000000000000000000000000000000000000000000000913220000000000000          0000000000000000000000000000000000000000000000000010000003
100000000000000001202500017727X284723                         28472304916910000001   027000000 0000000000 1806280211          28472304916910000001000000000000000137900142447000103110000225000000000000000000000000000000000000000000000000000000000000000000000000001379000000000000000000000000000000000000000000000000115420000000000000          0000000000000000000000000000000000000000000000000008000004
100000000000000001202500017727X284723                         28472315051X10000001   027000000 0000000000 1806280211          28472315051X10000001000000000000000967603320570000103110000180000000000000000000000000000000000000000000000000000000000000000000000000009676000000000000000000000000000000000000000000000000949620000000000000          0000000000000000000000000000000000000000000000000010000005
9201001          000000000000000000000000000000          000000000000000000000000000000          000000000000000000000000000000          000000000000000000000000000000                                                  000000000000000000000000000000                                                                                                                                                   000006
