02RETORNO01COBRANCA       1202500017727X284723SIND EMP DE EDIF SP ZEL PORT C001BANCO DO BRASIL1603110001883                      000001883201093102                                                                                                                                                                                                                                                       000001
100000000000000001202500017727X28472321      0000000000347109200000000000010000001   027000000 0000000000 1806160311          00000000000010000001000000000000000538434185300001703110000180000000000000000000000000000000000000000000000000000000000000000000000000005384000000000000000000000000000000000000000000000000520420000000000000          0000000000000000000000000000000000000000000000000010000002
100000000000000001202500017727X28472321      0000000000347109300000000000010000001   027000000 0000000000 1806160311          00000000000010000001000000000000000538434185300001703110000180000000000000000000000000000000000000000000000000000000000000000000000000005384000000000000000000000000000000000000000000000000520420000000000000          0000000000000000000000000000000000000000000000000010000003
100000000000000001202500017727X28472321      0000000000347109400000000000010000001   027000000 0000000000 1806160311          00000000000010000001000000000000000370034185300001703110000180000000000000000000000000000000000000000000000000000000000000000000000000003700000000000000000000000000000000000000000000000000352020000000000000          0000000000000000000000000000000000000000000000000010000004
100000000000000001202500017727X28472321      0000000000347109600000000000010000001   027000000 0000000000 1806160311          00000000000010000001000000000000000074034185300001703110000180000000000000000000000000000000000000000000000000000000000000000000000000000740000000000000000000000000000000000000000000000000056020000000000000          0000000000000000000000000000000000000000000000000010000005
100000000000000001202500017727X28472321      0000000000380155100000000000010000001   027000000 0000000000 1806160311          00000000000010000001000000000000000033434148330001703110000180000000000000000000000000000000000000000000000000000000000000000000000000000334000000000000000000000000000000000000000000000000015420000000000000          0000000000000000000000000000000000000000000000000010000006
100000000000000001202500017727X28472321      0000000000415609200000000000010000001   027000000 0000000000 1806160311          00000000000010000001000000000000000228834166000001703110000180000000000000000000000000000000000000000000000000000000000000000000000000002288000000000000000000000000000000000000000000000000210820000000000000          0000000000000000000000000000000000000000000000000010000007
100000000000000001202500017727X28472321      0000000000426010800000000000010000001   027000000 0000000000 1806160311          00000000000010000001000000000000000089534101830001703110000180000000000000000000000000000000000000000000000000000000000000000000000000000895000000000000000000000000000000000000000000000000071520000000000000          0000000000000000000000000000000000000000000000000010000008
100000000000000001202500017727X28472321      0000000000426029000000000000010000001   027000000 0000000000 1806160311          00000000000010000001000000000000001162534108450001703110000180000000000000000000000000000000000000000000000000000000000000000000000000011625000000000000000000000000000000000000000000000001144520000000000000          0000000000000000000000000000000000000000000000000010000009
100000000000000001202500017727X28472321      0000000000426030700000000000010000001   027000000 0000000000 1806160311          00000000000010000001000000000000000204000133863001703110000180000000000000000000000000000000000000000000000000000000000000000000000000002040000000000000000000000000000000000000000000000000186020000000000000          0000000000000000000000000000000000000000000000000004000010
100000000000000001202500017727X28472321      0000000000426135400000000000010000001   027000000 0000000000 1806160311          00000000000010000001000000000000001051234106460001703110000180000000000000000000000000000000000000000000000000000000000000000000000000010512000000000000000000000000000000000000000000000001033220000000000000          0000000000000000000000000000000000000000000000000010000011
100000000000000001202500017727X28472321      0000000000426163000000000000010000001   027000000 0000000000 1806160311          00000000000010000001000000000000000836934101830001703110000180000000000000000000000000000000000000000000000000000000000000000000000000008369000000000000000000000000000000000000000000000000818920000000000000          0000000000000000000000000000000000000000000000000010000012
100000000000000001202500017727X28472321      0000000000426178000000000000010000001   027000000 0000000000 1806160311          00000000000010000001000000000000000356534106460001703110000180000000000000000000000000000000000000000000000000000000000000000000000000003565000000000000000000000000000000000000000000000000338520000000000000          0000000000000000000000000000000000000000000000000010000013
100000000000000001202500017727X28472321      0000000000426225000000000000010000001   027000000 0000000000 1806160311          00000000000010000001000000000000000579634101830001703110000180000000000000000000000000000000000000000000000000000000000000000000000000005796000000000000000000000000000000000000000000000000561620000000000000          0000000000000000000000000000000000000000000000000010000014
100000000000000001202500017727X28472321      0000000000426274600000000000010000001   027000000 0000000000 1806160311          00000000000010000001000000000000000747134101830001703110000180000000000000000000000000000000000000000000000000000000000000000000000000007471000000000000000000000000000000000000000000000000729120000000000000          0000000000000000000000000000000000000000000000000010000015
100000000000000001202500017727X28472321      0000000000426274700000000000010000001   027000000 0000000000 1806160311          00000000000010000001000000000000000809934101830001703110000180000000000000000000000000000000000000000000000000000000000000000000000000008099000000000000000000000000000000000000000000000000791920000000000000          0000000000000000000000000000000000000000000000000010000016
100000000000000001202500017727X28472321      0000000000426274900000000000010000001   027000000 0000000000 1806160311          00000000000010000001000000000000001797334101830001703110000180000000000000000000000000000000000000000000000000000000000000000000000000017973000000000000000000000000000000000000000000000001779320000000000000          0000000000000000000000000000000000000000000000000010000017
100000000000000001202500017727X28472321      0000000000426324200000000000010000001   027000000 0000000000 1806160311          00000000000010000001000000000000000498834101830001703110000180000000000000000000000000000000000000000000000000000000000000000000000000004988000000000000000000000000000000000000000000000000480820000000000000          0000000000000000000000000000000000000000000000000010000018
100000000000000001202500017727X28472321      0000000000426332600000000000010000001   027000000 0000000000 1806160311          00000000000010000001000000000000001270334108450001703110000180000000000000000000000000000000000000000000000000000000000000000000000000012703000000000000000000000000000000000000000000000001252320000000000000          0000000000000000000000000000000000000000000000000010000019
100000000000000001202500017727X28472321      0000000000426339200000000000010000001   027000000 0000000000 1806160311          00000000000010000001000000000000000759423704200001703110000180000000000000000000000000000000000000000000000000000000000000000000000000007594000000000000000000000000000000000000000000000000741420000000000000          0000000000000000000000000000000000000000000000000010000020
100000000000000001202500017727X28472321      0000000000426400900000000000010000001   027000000 0000000000 1806160311          00000000000010000001000000000000000686634106460001703110000180000000000000000000000000000000000000000000000000000000000000000000000000006866000000000000000000000000000000000000000000000000668620000000000000          0000000000000000000000000000000000000000000000000010000021
100000000000000001202500017727X28472321      0000000000426447200000000000010000001   027000000 0000000000 1806160311          00000000000010000001000000000000000464103343370001703110000180000000000000000000000000000000000000000000000000000000000000000000000000004641000000000000000000000000000000000000000000000000446120000000000000          0000000000000000000000000000000000000000000000000010000022
100000000000000001202500017727X28472321      0000000000426526900000000000010000001   027000000 0000000000 1806160311          00000000000010000001000000000000000759134106460001703110000180000000000000000000000000000000000000000000000000000000000000000000000000007591000000000000000000000000000000000000000000000000741120000000000000          0000000000000000000000000000000000000000000000000010000023
100000000000000001202500017727X28472321      0000000000426545200000000000010000001   027000000 0000000000 1806160311          00000000000010000001000000000000000921634106460001703110000180000000000000000000000000000000000000000000000000000000000000000000000000009216000000000000000000000000000000000000000000000000903620000000000000          0000000000000000000000000000000000000000000000000010000024
100000000000000001202500017727X28472321      0000000000426557800000000000010000001   027000000 0000000000 1806160311          00000000000010000001000000000000000670234101830001703110000180000000000000000000000000000000000000000000000000000000000000000000000000006702000000000000000000000000000000000000000000000000652220000000000000          0000000000000000000000000000000000000000000000000010000025
100000000000000001202500017727X28472321      0000000000426616700000000000010000001   027000000 0000000000 1806160311          00000000000010000001000000000000000385903343370001703110000180000000000000000000000000000000000000000000000000000000000000000000000000003859000000000000000000000000000000000000000000000000367920000000000000          0000000000000000000000000000000000000000000000000010000026
100000000000000001202500017727X28472321      0000000000426662600000000000010000001   027000000 0000000000 1806160311          00000000000010000001000000000000000132334103670001703110000180000000000000000000000000000000000000000000000000000000000000000000000000001323000000000000000000000000000000000000000000000000114320000000000000          0000000000000000000000000000000000000000000000000010000027
100000000000000001202500017727X28472321      0000000000426662800000000000010000001   027000000 0000000000 1806160311          00000000000010000001000000000000000383434101830001703110000180000000000000000000000000000000000000000000000000000000000000000000000000003834000000000000000000000000000000000000000000000000365420000000000000          0000000000000000000000000000000000000000000000000010000028
100000000000000001202500017727X28472321      0000000000426687500000000000010000001   027000000 0000000000 1806160311          00000000000010000001000000000000000320334101830001703110000180000000000000000000000000000000000000000000000000000000000000000000000000003203000000000000000000000000000000000000000000000000302320000000000000          0000000000000000000000000000000000000000000000000010000029
100000000000000001202500017727X28472321      0000000000426816000000000000010000001   027000000 0000000000 1806160311          00000000000010000001000000000000000199700148666001703110000225000000000000000000000000000000000000000000000000000000000000000000000000001997000000000000000000000000000000000000000000000000177220000000000000          0000000000000000000000000000000000000000000000000008000030
100000000000000001202500017727X28472321      0000000000426853900000000000010000001   027000000 0000000000 1806160311          00000000000010000001000000000000001437534181700001703110000180000000000000000000000000000000000000000000000000000000000000000000000000014375000000000000000000000000000000000000000000000001419520000000000000          0000000000000000000000000000000000000000000000000010000031
100000000000000001202500017727X28472321      0000000000426854000000000000010000001   027000000 0000000000 1806160311          00000000000010000001000000000000001032734101830001703110000180000000000000000000000000000000000000000000000000000000000000000000000000010327000000000000000000000000000000000000000000000001014720000000000000          0000000000000000000000000000000000000000000000000010000032
100000000000000001202500017727X28472321      0000000000426890400000000000010000001   027000000 0000000000 1806160311          00000000000010000001000000000000000477034101830001703110000180000000000000000000000000000000000000000000000000000000000000000000000000004770000000000000000000000000000000000000000000000000459020000000000000          0000000000000000000000000000000000000000000000000010000033
100000000000000001202500017727X28472321      0000000000426910100000000000010000001   027000000 0000000000 1806160311          00000000000010000001000000000000001204334101830001703110000180000000000000000000000000000000000000000000000000000000000000000000000000012043000000000000000000000000000000000000000000000001186320000000000000          0000000000000000000000000000000000000000000000000010000034
100000000000000001202500017727X28472321      0000000000426927800000000000010000001   027000000 0000000000 1806160311          00000000000010000001000000000000000836534101830001703110000180000000000000000000000000000000000000000000000000000000000000000000000000008365000000000000000000000000000000000000000000000000818520000000000000          0000000000000000000000000000000000000000000000000010000035
100000000000000001202500017727X28472321      0000000000426931200000000000010000001   027000000 0000000000 1806160311          00000000000010000001000000000000000162634101830001703110000180000000000000000000000000000000000000000000000000000000000000000000000000001626000000000000000000000000000000000000000000000000144620000000000000          0000000000000000000000000000000000000000000000000010000036
100000000000000001202500017727X28472321      0000000000426957000000000000010000001   027000000 0000000000 1806160311          00000000000010000001000000000000001004234130740001703110000180000000000000000000000000000000000000000000000000000000000000000000000000010042000000000000000000000000000000000000000000000000986220000000000000          0000000000000000000000000000000000000000000000000010000037
100000000000000001202500017727X28472321      0000000000426973000000000000010000001   027000000 0000000000 1806160311          00000000000010000001000000000000000745123711910001703110000180000000000000000000000000000000000000000000000000000000000000000000000000007451000000000000000000000000000000000000000000000000727120000000000000          0000000000000000000000000000000000000000000000000010000038
100000000000000001202500017727X28472321      0000000000426975700000000000010000001   027000000 0000000000 1806160311          00000000000010000001000000000000000478734101830001703110000180000000000000000000000000000000000000000000000000000000000000000000000000004787000000000000000000000000000000000000000000000000460720000000000000          0000000000000000000000000000000000000000000000000010000039
100000000000000001202500017727X28472321      0000000000427023600000000000010000001   027000000 0000000000 1806160311          00000000000010000001000000000000000123734108450001703110000180000000000000000000000000000000000000000000000000000000000000000000000000001237000000000000000000000000000000000000000000000000105720000000000000          0000000000000000000000000000000000000000000000000010000040
100000000000000001202500017727X28472321      0000000000427054000000000000010000001   027000000 0000000000 1806160311          00000000000010000001000000000000000713934129770001703110000180000000000000000000000000000000000000000000000000000000000000000000000000007139000000000000000000000000000000000000000000000000695920000000000000          0000000000000000000000000000000000000000000000000010000041
100000000000000001202500017727X28472321      0000000000427062300000000000010000001   027000000 0000000000 1806160311          00000000000010000001000000000000001007334162540001703110000180000000000000000000000000000000000000000000000000000000000000000000000000010073000000000000000000000000000000000000000000000000989320000000000000          0000000000000000000000000000000000000000000000000010000042
100000000000000001202500017727X28472321      0000000000427087000000000000010000001   027000000 0000000000 1806160311          00000000000010000001000000000000000568634101830001703110000180000000000000000000000000000000000000000000000000000000000000000000000000005686000000000000000000000000000000000000000000000000550620000000000000          0000000000000000000000000000000000000000000000000010000043
100000000000000001202500017727X28472321      0000000000427215200000000000010000001   027000000 0000000000 1806160311          00000000000010000001000000000000000517034116640001703110000180000000000000000000000000000000000000000000000000000000000000000000000000005170000000000000000000000000000000000000000000000000499020000000000000          0000000000000000000000000000000000000000000000000010000044
100000000000000001202500017727X28472321      0000000000427284700000000000010000001   027000000 0000000000 1806160311          00000000000010000001000000000000001236934107540001703110000180000000000000000000000000000000000000000000000000000000000000000000000000012369000000000000000000000000000000000000000000000001218920000000000000          0000000000000000000000000000000000000000000000000010000045
100000000000000001202500017727X28472321      0000000000427317300000000000010000001   027000000 0000000000 1806160311          00000000000010000001000000000000000491934101830001703110000180000000000000000000000000000000000000000000000000000000000000000000000000004919000000000000000000000000000000000000000000000000473920000000000000          0000000000000000000000000000000000000000000000000010000046
100000000000000001202500017727X28472321      0000000000427365400000000000010000001   027000000 0000000000 1806160311          00000000000010000001000000000000001340034108450001703110000180000000000000000000000000000000000000000000000000000000000000000000000000013400000000000000000000000000000000000000000000000001322020000000000000          0000000000000000000000000000000000000000000000000010000047
100000000000000001202500017727X28472321      0000000000427403900000000000010000001   027000000 0000000000 1806160311          00000000000010000001000000000000000578834101830001703110000180000000000000000000000000000000000000000000000000000000000000000000000000005788000000000000000000000000000000000000000000000000560820000000000000          0000000000000000000000000000000000000000000000000010000048
100000000000000001202500017727X28472321      0000000000427414200000000000010000001   027000000 0000000000 1806160311          00000000000010000001000000000000000839534101830001703110000180000000000000000000000000000000000000000000000000000000000000000000000000008395000000000000000000000000000000000000000000000000821520000000000000          0000000000000000000000000000000000000000000000000010000049
100000000000000001202500017727X28472321      0000000000427428900000000000010000001   027000000 0000000000 1806160311          00000000000010000001000000000000000282000135602001703110000225000000000000000000000000000000000000000000000000000000000000000000000000002820000000000000000000000000000000000000000000000000259520000000000000          0000000000000000000000000000000000000000000000000008000050
100000000000000001202500017727X28472321      0000000000427440900000000000010000001   027000000 0000000000 1806160311          00000000000010000001000000000000000326403339430001703110000180000000000000000000000000000000000000000000000000000000000000000000000000003264000000000000000000000000000000000000000000000000308420000000000000          0000000000000000000000000000000000000000000000000010000051
100000000000000001202500017727X28472321      0000000000427488500000000000010000001   027000000 0000000000 1806160311          00000000000010000001000000000000000345634177520001703110000180000000000000000000000000000000000000000000000000000000000000000000000000003456000000000000000000000000000000000000000000000000327620000000000000          0000000000000000000000000000000000000000000000000010000052
100000000000000001202500017727X28472321      0000000000427489100000000000010000001   027000000 0000000000 1806160311          00000000000010000001000000000000000416734101830001703110000180000000000000000000000000000000000000000000000000000000000000000000000000004167000000000000000000000000000000000000000000000000398720000000000000          0000000000000000000000000000000000000000000000000010000053
100000000000000001202500017727X28472321      0000000000427494200000000000010000001   027000000 0000000000 1806160311          00000000000010000001000000000000001497134103990001703110000180000000000000000000000000000000000000000000000000000000000000000000000000014971000000000000000000000000000000000000000000000001479120000000000000          0000000000000000000000000000000000000000000000000010000054
100000000000000001202500017727X28472321      0000000000427500000000000000010000001   027000000 0000000000 1806160311          00000000000010000001000000000000000541023701140001703110000180000000000000000000000000000000000000000000000000000000000000000000000000005410000000000000000000000000000000000000000000000000523020000000000000          0000000000000000000000000000000000000000000000000010000055
100000000000000001202500017727X28472321      0000000000427519900000000000010000001   027000000 0000000000 1806160311          00000000000010000001000000000000000611534101830001703110000180000000000000000000000000000000000000000000000000000000000000000000000000006115000000000000000000000000000000000000000000000000593520000000000000          0000000000000000000000000000000000000000000000000010000056
100000000000000001202500017727X28472321      0000000000427572300000000000010000001   027000000 0000000000 1806160311          00000000000010000001000000000000000146703301340001703110000180000000000000000000000000000000000000000000000000000000000000000000000000001467000000000000000000000000000000000000000000000000128720000000000000          0000000000000000000000000000000000000000000000000010000057
100000000000000001202500017727X28472321      0000000000427582700000000000010000001   027000000 0000000000 1806160311          00000000000010000001000000000000000958934101830001703110000180000000000000000000000000000000000000000000000000000000000000000000000000009589000000000000000000000000000000000000000000000000940920000000000000          0000000000000000000000000000000000000000000000000010000058
100000000000000001202500017727X28472321      0000000000427584800000000000010000001   027000000 0000000000 1806160311          00000000000010000001000000000000000534734101830001703110000180000000000000000000000000000000000000000000000000000000000000000000000000005347000000000000000000000000000000000000000000000000516720000000000000          0000000000000000000000000000000000000000000000000010000059
100000000000000001202500017727X28472321      0000000000427621000000000000010000001   027000000 0000000000 1806160311          00000000000010000001000000000000000569634101830001703110000180000000000000000000000000000000000000000000000000000000000000000000000000005696000000000000000000000000000000000000000000000000551620000000000000          0000000000000000000000000000000000000000000000000010000060
100000000000000001202500017727X28472321      0000000000427621300000000000010000001   027000000 0000000000 1806160311          00000000000010000001000000000000000385534101830001703110000180000000000000000000000000000000000000000000000000000000000000000000000000003855000000000000000000000000000000000000000000000000367520000000000000          0000000000000000000000000000000000000000000000000010000061
100000000000000001202500017727X28472321      0000000000427621500000000000010000001   027000000 0000000000 1806160311          00000000000010000001000000000000000644534101830001703110000180000000000000000000000000000000000000000000000000000000000000000000000000006445000000000000000000000000000000000000000000000000626520000000000000          0000000000000000000000000000000000000000000000000010000062
100000000000000001202500017727X28472321      0000000000427621600000000000010000001   027000000 0000000000 1806160311          00000000000010000001000000000000000167734101830001703110000180000000000000000000000000000000000000000000000000000000000000000000000000001677000000000000000000000000000000000000000000000000149720000000000000          0000000000000000000000000000000000000000000000000010000063
100000000000000001202500017727X28472321      0000000000427630800000000000010000001   027000000 0000000000 1806160311          00000000000010000001000000000000000446034106460001703110000180000000000000000000000000000000000000000000000000000000000000000000000000004460000000000000000000000000000000000000000000000000428020000000000000          0000000000000000000000000000000000000000000000000010000064
100000000000000001202500017727X28472321      0000000000427634500000000000010000001   027000000 0000000000 1806160311          00000000000010000001000000000000000120734101830001703110000180000000000000000000000000000000000000000000000000000000000000000000000000001207000000000000000000000000000000000000000000000000102720000000000000          0000000000000000000000000000000000000000000000000010000065
100000000000000001202500017727X28472321      0000000000427653300000000000010000001   027000000 0000000000 1806160311          00000000000010000001000000000000002246103347770001703110000180000000000000000000000000000000000000000000000000000000000000000000000000022461000000000000000000000000000000000000000000000002228120000000000000          0000000000000000000000000000000000000000000000000010000066
100000000000000001202500017727X28472321      0000000000427659600000000000010000001   027000000 0000000000 1806160311          00000000000010000001000000000000000228834166000001703110000180000000000000000000000000000000000000000000000000000000000000000000000000002288000000000000000000000000000000000000000000000000210820000000000000          0000000000000000000000000000000000000000000000000010000067
100000000000000001202500017727X28472321      0000000000427681800000000000010000001   027000000 0000000000 1806160311          00000000000010000001000000000000001078023701340001703110000180000000000000000000000000000000000000000000000000000000000000000000000000010780000000000000000000000000000000000000000000000001060020000000000000          0000000000000000000000000000000000000000000000000010000068
100000000000000001202500017727X28472321      0000000000427692500000000000010000001   027000000 0000000000 1806160311          00000000000010000001000000000000000823634106460001703110000180000000000000000000000000000000000000000000000000000000000000000000000000008236000000000000000000000000000000000000000000000000805620000000000000          0000000000000000000000000000000000000000000000000010000069
100000000000000001202500017727X28472321      0000000000427706900000000000010000001   027000000 0000000000 1806160311          00000000000010000001000000000000000527034101830001703110000180000000000000000000000000000000000000000000000000000000000000000000000000005270000000000000000000000000000000000000000000000000509020000000000000          0000000000000000000000000000000000000000000000000010000070
100000000000000001202500017727X28472321      0000000000427737200000000000010000001   027000000 0000000000 1806160311          00000000000010000001000000000000000500134108450001703110000180000000000000000000000000000000000000000000000000000000000000000000000000005001000000000000000000000000000000000000000000000000482120000000000000          0000000000000000000000000000000000000000000000000010000071
100000000000000001202500017727X28472321      0000000000427762000000000000010000001   027000000 0000000000 1806160311          00000000000010000001000000000000000046200157177001703110000225000000000000000000000000000000000000000000000000000000000000000000000000000508000000000004600000000000000000000000000000000000028320000000000000          0000000000000000000000000000000000000000000000000008000072
100000000000000001202500017727X28472321      0000000000427798200000000000010000001   027000000 0000000000 1806160311          00000000000010000001000000000000000087134102510001703110000180000000000000000000000000000000000000000000000000000000000000000000000000000871000000000000000000000000000000000000000000000000069120000000000000          0000000000000000000000000000000000000000000000000010000073
100000000000000001202500017727X28472321      0000000000427820200000000000010000001   027000000 0000000000 1806160311          00000000000010000001000000000000000748834101830001703110000180000000000000000000000000000000000000000000000000000000000000000000000000007488000000000000000000000000000000000000000000000000730820000000000000          0000000000000000000000000000000000000000000000000010000074
100000000000000001202500017727X28472321      0000000000427884500000000000010000001   027000000 0000000000 1806160311          00000000000010000001000000000000000180139903190001703110000180000000000000000000000000000000000000000000000000000000000000000000000000001801000000000000000000000000000000000000000000000000162120000000000000          0000000000000000000000000000000000000000000000000010000075
100000000000000001202500017727X28472321      0000000000428101300000000000010000001   027000000 0000000000 1806160311          00000000000010000001000000000000000119600157177001703110000225000000000000000000000000000000000000000000000000000000000000000000000000001316000000000012000000000000000000000000000000000000109120000000000000          0000000000000000000000000000000000000000000000000008000076
100000000000000001202500017727X28472321      0000000000428270800000000000010000001   027000000 0000000000 1806160311          00000000000010000001000000000000000140034162540001703110000180000000000000000000000000000000000000000000000000000000000000000000000000001400000000000000000000000000000000000000000000000000122020000000000000          0000000000000000000000000000000000000000000000000010000077
100000000000000001202500017727X28472321      0000000000428310500000000000010000001   027000000 0000000000 1806160311          00000000000010000001000000000000000074034185300001703110000180000000000000000000000000000000000000000000000000000000000000000000000000000740000000000000000000000000000000000000000000000000056020000000000000          0000000000000000000000000000000000000000000000000010000078
9201001          000000000000000000000000000000          000000000000000000000000000000          000000000000000000000000000000          000000000000000000000000000000                                                  000000000000000000000000000000                                                                                                                                                   000079
