02RETORNO01COBRANCA       1202500017727X284723SIND EMP DE EDIF SP ZEL PORT C001BANCO DO BRASIL1503110001882                      000001882201093102                                                                                                                                                                                                                                                       000001
100000000000000001202500017727X28472321      0000000000350532900000000000010000001   027000000 0000000000 1806150311          00000000000010000001000000000000000099923701300001603110000180000000000000000000000000000000000000000000000000000000000000000000000000000999000000000000000000000000000000000000000000000000081920000000000000          0000000000000000000000000000000000000000000000000010000002
100000000000000001202500017727X28472321      0000000000385632700000000000010000001   027000000 0000000000 1806150311          00000000000010000001000000000000000670234104400001603110000180000000000000000000000000000000000000000000000000000000000000000000000000006702000000000000000000000000000000000000000000000000652220000000000000          0000000000000000000000000000000000000000000000000010000003
100000000000000001202500017727X28472321      0000000000425993400000000000010000001   027000000 0000000000 1806150311          00000000000010000001000000000000000613603301170001603110000180000000000000000000000000000000000000000000000000000000000000000000000000006136000000000000000000000000000000000000000000000000595620000000000000          0000000000000000000000000000000000000000000000000010000004
100000000000000001202500017727X28472321      0000000000426006600000000000010000001   027000000 0000000000 1806150311          00000000000010000001000000000000000889234191070001603110000180000000000000000000000000000000000000000000000000000000000000000000000000008892000000000000000000000000000000000000000000000000871220000000000000          0000000000000000000000000000000000000000000000000010000005
100000000000000001202500017727X28472321      0000000000426024000000000000010000001   027000000 0000000000 1806150311          00000000000010000001000000000000000999103301170001603110000180000000000000000000000000000000000000000000000000000000000000000000000000009991000000000000000000000000000000000000000000000000981120000000000000          0000000000000000000000000000000000000000000000000010000006
100000000000000001202500017727X28472321      0000000000426041900000000000010000001   027000000 0000000000 1806150311          00000000000010000001000000000000000812439902230001603110000180000000000000000000000000000000000000000000000000000000000000000000000000008124000000000000000000000000000000000000000000000000794420000000000000          0000000000000000000000000000000000000000000000000010000007
100000000000000001202500017727X28472321      0000000000426052300000000000010000001   027000000 0000000000 1806150311          00000000000010000001000000000000001254603301170001603110000180000000000000000000000000000000000000000000000000000000000000000000000000012546000000000000000000000000000000000000000000000001236620000000000000          0000000000000000000000000000000000000000000000000010000008
100000000000000001202500017727X28472321      0000000000426064200000000000010000001   027000000 0000000000 1806150311          00000000000010000001000000000000000201800157177001603110000225000000000000000000000000000000000000000000000000000000000000000000000000002219000000000000000000000002010000000000000000000000199420000000000000          0000000000000000000000000000000000000000000000000008000009
100000000000000001202500017727X28472321      0000000000426090200000000000010000001   027000000 0000000000 1806150311          00000000000010000001000000000000000799823701980001603110000180000000000000000000000000000000000000000000000000000000000000000000000000007998000000000000000000000000000000000000000000000000781820000000000000          0000000000000000000000000000000000000000000000000010000010
100000000000000001202500017727X28472321      0000000000426100200000000000010000001   027000000 0000000000 1806150311          00000000000010000001000000000000000113023701980001603110000180000000000000000000000000000000000000000000000000000000000000000000000000001130000000000000000000000000000000000000000000000000095020000000000000          0000000000000000000000000000000000000000000000000010000011
100000000000000001202500017727X28472321      0000000000426132600000000000010000001   027000000 0000000000 1806150311          00000000000010000001000000000000000630023726780001603110000180000000000000000000000000000000000000000000000000000000000000000000000000006300000000000000000000000000000000000000000000000000612020000000000000          0000000000000000000000000000000000000000000000000010000012
100000000000000001202500017727X28472321      0000000000426137300000000000010000001   027000000 0000000000 1806150311          00000000000010000001000000000000000962723701980001603110000180000000000000000000000000000000000000000000000000000000000000000000000000009627000000000000000000000000000000000000000000000000944720000000000000          0000000000000000000000000000000000000000000000000010000013
100000000000000001202500017727X28472321      0000000000426171700000000000010000001   027000000 0000000000 1806150311          00000000000010000001000000000000000489900105843001603110000225000000000000000000000000000000000000000000000000000000000000000000000000005388000000000048900000000000000000000000000000000000516320000000000000          0000000000000000000000000000000000000000000000000008000014
100000000000000001202500017727X28472321      0000000000426186000000000000010000001   027000000 0000000000 1806150311          00000000000010000001000000000000000142023701980001603110000180000000000000000000000000000000000000000000000000000000000000000000000000001420000000000000000000000000000000000000000000000000124020000000000000          0000000000000000000000000000000000000000000000000010000015
100000000000000001202500017727X28472321      0000000000426187600000000000010000001   027000000 0000000000 1806150311          00000000000010000001000000000000000099923701300001603110000180000000000000000000000000000000000000000000000000000000000000000000000000000999000000000000000000000000000000000000000000000000081920000000000000          0000000000000000000000000000000000000000000000000010000016
100000000000000001202500017727X28472321      0000000000426196700000000000010000001   027000000 0000000000 1806150311          00000000000010000001000000000000000087200118929001603110000225000000000000000000000000000000000000000000000000000000000000000000000000000872000000000000000000000000000000000000000000000000064720000000000000          0000000000000000000000000000000000000000000000000008000017
100000000000000001202500017727X28472321      0000000000426231600000000000010000001   027000000 0000000000 1806150311          00000000000010000001000000000000000798934178000001603110000180000000000000000000000000000000000000000000000000000000000000000000000000007989000000000000000000000000000000000000000000000000780920000000000000          0000000000000000000000000000000000000000000000000010000018
100000000000000001202500017727X28472321      0000000000426252700000000000010000001   027000000 0000000000 1806150311          00000000000010000001000000000000000564739916590001603110000180000000000000000000000000000000000000000000000000000000000000000000000000005647000000000000000000000000000000000000000000000000546720000000000000          0000000000000000000000000000000000000000000000000010000019
100000000000000001202500017727X28472321      0000000000426336200000000000010000001   027000000 0000000000 1806150311          00000000000010000001000000000000001672739902230001603110000180000000000000000000000000000000000000000000000000000000000000000000000000016727000000000000000000000000000000000000000000000001654720000000000000          0000000000000000000000000000000000000000000000000010000020
100000000000000001202500017727X28472321      0000000000426336400000000000010000001   027000000 0000000000 1806150311          00000000000010000001000000000000000878439904060001603110000180000000000000000000000000000000000000000000000000000000000000000000000000008784000000000000000000000000000000000000000000000000860420000000000000          0000000000000000000000000000000000000000000000000010000021
100000000000000001202500017727X28472321      0000000000426407900000000000010000004   027000000 0000000000 1806150311          00000000000010000004000000000000000483200142447001603110000225000000000000000000000000000000000000000000000000000000000000000000000000005315000000000048300000000000000000000000000000000000509020000000000000          0000000000000000000000000000000000000000000000000008000022
100000000000000001202500017727X28472321      0000000000426408700000000000010000001   027000000 0000000000 1806150311          00000000000010000001000000000000000454000148666001603110000225000000000000000000000000000000000000000000000000000000000000000000000000004994000000000045400000000000000000000000000000000000476920000000000000          0000000000000000000000000000000000000000000000000008000023
100000000000000001202500017727X28472321      0000000000426409100000000000010000001   027000000 0000000000 1806150311          00000000000010000001000000000000000798723737900001603110000180000000000000000000000000000000000000000000000000000000000000000000000000007987000000000000000000000000000000000000000000000000780720000000000000          0000000000000000000000000000000000000000000000000010000024
100000000000000001202500017727X28472321      0000000000426413100000000000010000001   027000000 0000000000 1806150311          00000000000010000001000000000000000383623720620001603110000180000000000000000000000000000000000000000000000000000000000000000000000000003836000000000000000000000000000000000000000000000000365620000000000000          0000000000000000000000000000000000000000000000000010000025
100000000000000001202500017727X28472321      0000000000426446500000000000010000001   027000000 0000000000 1806150311          00000000000010000001000000000000000258334191550001603110000180000000000000000000000000000000000000000000000000000000000000000000000000002583000000000000000000000000000000000000000000000000240320000000000000          0000000000000000000000000000000000000000000000000010000026
100000000000000001202500017727X28472321      0000000000426450900000000000010000001   027000000 0000000000 1806150311          00000000000010000001000000000000000514239902230001603110000180000000000000000000000000000000000000000000000000000000000000000000000000005142000000000000000000000000000000000000000000000000496220000000000000          0000000000000000000000000000000000000000000000000010000027
100000000000000001202500017727X28472321      0000000000426462200000000000010000001   027000000 0000000000 1806150311          00000000000010000001000000000000000710939902230001603110000180000000000000000000000000000000000000000000000000000000000000000000000000007109000000000000000000000000000000000000000000000000692920000000000000          0000000000000000000000000000000000000000000000000010000028
100000000000000001202500017727X28472321      0000000000426467600000000000010000001   027000000 0000000000 1806150311          00000000000010000001000000000000000197123701980001603110000180000000000000000000000000000000000000000000000000000000000000000000000000001971000000000000000000000000000000000000000000000000179120000000000000          0000000000000000000000000000000000000000000000000010000029
100000000000000001202500017727X28472321      0000000000426474000000000000010000001   027000000 0000000000 1806150311          00000000000010000001000000000000001048839902230001603110000180000000000000000000000000000000000000000000000000000000000000000000000000010488000000000000000000000000000000000000000000000001030820000000000000          0000000000000000000000000000000000000000000000000010000030
100000000000000001202500017727X28472321      0000000000426478300000000000010000001   027000000 0000000000 1806150311          00000000000010000001000000000000001098739902230001603110000180000000000000000000000000000000000000000000000000000000000000000000000000010987000000000000000000000000000000000000000000000001080720000000000000          0000000000000000000000000000000000000000000000000010000031
100000000000000001202500017727X28472321      0000000000426479000000000000010000001   027000000 0000000000 1806150311          00000000000010000001000000000000000716634107580001603110000180000000000000000000000000000000000000000000000000000000000000000000000000007166000000000000000000000000000000000000000000000000698620000000000000          0000000000000000000000000000000000000000000000000010000032
100000000000000001202500017727X28472321      0000000000426492100000000000010000001   027000000 0000000000 1806150311          00000000000010000001000000000000000372239902230001603110000180000000000000000000000000000000000000000000000000000000000000000000000000003722000000000000000000000000000000000000000000000000354220000000000000          0000000000000000000000000000000000000000000000000010000033
100000000000000001202500017727X28472321      0000000000426496900000000000010000001   027000000 0000000000 1806150311          00000000000010000001000000000000000086834100270001603110000180000000000000000000000000000000000000000000000000000000000000000000000000000868000000000000000000000000000000000000000000000000068820000000000000          0000000000000000000000000000000000000000000000000010000034
100000000000000001202500017727X28472321      0000000000426507600000000000010000001   027000000 0000000000 1806150311          00000000000010000001000000000000000080834100270001603110000180000000000000000000000000000000000000000000000000000000000000000000000000000808000000000000000000000000000000000000000000000000062820000000000000          0000000000000000000000000000000000000000000000000010000035
100000000000000001202500017727X28472321      0000000000426512500000000000010000001   027000000 0000000000 1806150311          00000000000010000001000000000000000535400148666001603110000225000000000000000000000000000000000000000000000000000000000000000000000000005889000000000053500000000000000000000000000000000000566420000000000000          0000000000000000000000000000000000000000000000000008000036
100000000000000001202500017727X28472321      0000000000426561400000000000010000001   027000000 0000000000 1806150311          00000000000010000001000000000000000158923701980001603110000180000000000000000000000000000000000000000000000000000000000000000000000000001589000000000000000000000000000000000000000000000000140920000000000000          0000000000000000000000000000000000000000000000000010000037
100000000000000001202500017727X28472321      0000000000426575300000000000010000001   027000000 0000000000 1806150311          00000000000010000001000000000000000438234100270001603110000180000000000000000000000000000000000000000000000000000000000000000000000000004382000000000000000000000000000000000000000000000000420220000000000000          0000000000000000000000000000000000000000000000000010000038
100000000000000001202500017727X28472321      0000000000426576000000000000010000001   027000000 0000000000 1806150311          00000000000010000001000000000000000109034100640001603110000180000000000000000000000000000000000000000000000000000000000000000000000000001090000000000000000000000000000000000000000000000000091020000000000000          0000000000000000000000000000000000000000000000000010000039
100000000000000001202500017727X28472321      0000000000426586900000000000010000001   027000000 0000000000 1806150311          00000000000010000001000000000000000507503301170001603110000180000000000000000000000000000000000000000000000000000000000000000000000000005075000000000000000000000000000000000000000000000000489520000000000000          0000000000000000000000000000000000000000000000000010000040
100000000000000001202500017727X28472321      0000000000426589500000000000010000001   027000000 0000000000 1806150311          00000000000010000001000000000000000955334107380001603110000180000000000000000000000000000000000000000000000000000000000000000000000000009553000000000000000000000000000000000000000000000000937320000000000000          0000000000000000000000000000000000000000000000000010000041
100000000000000001202500017727X28472321      0000000000426676600000000000010000001   027000000 0000000000 1806150311          00000000000010000001000000000000000975739904060001603110000180000000000000000000000000000000000000000000000000000000000000000000000000009757000000000000000000000000000000000000000000000000957720000000000000          0000000000000000000000000000000000000000000000000010000042
100000000000000001202500017727X28472321      0000000000426681600000000000010000001   027000000 0000000000 1806150311          00000000000010000001000000000000000074034100270001603110000180000000000000000000000000000000000000000000000000000000000000000000000000000740000000000000000000000000000000000000000000000000056020000000000000          0000000000000000000000000000000000000000000000000010000043
100000000000000001202500017727X28472321      0000000000426697600000000000010000001   027000000 0000000000 1806150311          00000000000010000001000000000000000321523737900001603110000180000000000000000000000000000000000000000000000000000000000000000000000000003215000000000000000000000000000000000000000000000000303520000000000000          0000000000000000000000000000000000000000000000000010000044
100000000000000001202500017727X28472321      0000000000426697700000000000010000001   027000000 0000000000 1806150311          00000000000010000001000000000000000780023701980001603110000180000000000000000000000000000000000000000000000000000000000000000000000000007800000000000000000000000000000000000000000000000000762020000000000000          0000000000000000000000000000000000000000000000000010000045
100000000000000001202500017727X28472321      0000000000426700500000000000010000001   027000000 0000000000 1806150311          00000000000010000001000000000000000834300129629001603110000225000000000000000000000000000000000000000000000000000000000000000000000000009177000000000083400000000000000000000000000000000000895220000000000000          0000000000000000000000000000000000000000000000000008000046
100000000000000001202500017727X28472321      0000000000426728200000000000010000001   027000000 0000000000 1806150311          00000000000010000001000000000000001596639902230001603110000180000000000000000000000000000000000000000000000000000000000000000000000000015966000000000000000000000000000000000000000000000001578620000000000000          0000000000000000000000000000000000000000000000000010000047
100000000000000001202500017727X28472321      0000000000426740900000000000010000001   027000000 0000000000 1806150311          00000000000010000001000000000000000270039902230001603110000180000000000000000000000000000000000000000000000000000000000000000000000000002700000000000000000000000000000000000000000000000000252020000000000000          0000000000000000000000000000000000000000000000000010000048
100000000000000001202500017727X28472321      0000000000426741000000000000010000001   027000000 0000000000 1806150311          00000000000010000001000000000000000198039902230001603110000180000000000000000000000000000000000000000000000000000000000000000000000000001980000000000000000000000000000000000000000000000000180020000000000000          0000000000000000000000000000000000000000000000000010000049
100000000000000001202500017727X28472321      0000000000426793900000000000010000001   027000000 0000000000 1806150311          00000000000010000001000000000000000287734100640001603110000180000000000000000000000000000000000000000000000000000000000000000000000000002877000000000000000000000000000000000000000000000000269720000000000000          0000000000000000000000000000000000000000000000000010000050
100000000000000001202500017727X28472321      0000000000426825400000000000010000001   027000000 0000000000 1806150311          00000000000010000001000000000000000729923701980001603110000180000000000000000000000000000000000000000000000000000000000000000000000000007299000000000000000000000000000000000000000000000000711920000000000000          0000000000000000000000000000000000000000000000000010000051
100000000000000001202500017727X28472321      0000000000426854400000000000010000001   027000000 0000000000 1806150311          00000000000010000001000000000000000282223737900001603110000180000000000000000000000000000000000000000000000000000000000000000000000000002822000000000000000000000000000000000000000000000000264220000000000000          0000000000000000000000000000000000000000000000000010000052
100000000000000001202500017727X28472321      0000000000426861200000000000010000001   027000000 0000000000 1806150311          00000000000010000001000000000000000603039902230001603110000180000000000000000000000000000000000000000000000000000000000000000000000000006030000000000000000000000000000000000000000000000000585020000000000000          0000000000000000000000000000000000000000000000000010000053
100000000000000001202500017727X28472321      0000000000426890100000000000010000001   027000000 0000000000 1806150311          00000000000010000001000000000000000196039902230001603110000180000000000000000000000000000000000000000000000000000000000000000000000000001960000000000000000000000000000000000000000000000000178020000000000000          0000000000000000000000000000000000000000000000000010000054
100000000000000001202500017727X28472321      0000000000426917700000000000010000001   027000000 0000000000 1806150311          00000000000010000001000000000000000971339902230001603110000180000000000000000000000000000000000000000000000000000000000000000000000000009713000000000000000000000000000000000000000000000000953320000000000000          0000000000000000000000000000000000000000000000000010000055
100000000000000001202500017727X28472321      0000000000426920300000000000010000001   027000000 0000000000 1806150311          00000000000010000001000000000000000298539902230001603110000180000000000000000000000000000000000000000000000000000000000000000000000000002985000000000000000000000000000000000000000000000000280520000000000000          0000000000000000000000000000000000000000000000000010000056
100000000000000001202500017727X28472321      0000000000426928600000000000010000001   027000000 0000000000 1806150311          00000000000010000001000000000000000744934191070001603110000180000000000000000000000000000000000000000000000000000000000000000000000000007449000000000000000000000000000000000000000000000000726920000000000000          0000000000000000000000000000000000000000000000000010000057
100000000000000001202500017727X28472321      0000000000426948900000000000010000001   027000000 0000000000 1806150311          00000000000010000001000000000000001198039902230001603110000180000000000000000000000000000000000000000000000000000000000000000000000000011980000000000000000000000000000000000000000000000001180020000000000000          0000000000000000000000000000000000000000000000000010000058
100000000000000001202500017727X28472321      0000000000426967500000000000010000001   027000000 0000000000 1806150311          00000000000010000001000000000000000206734104440001603110000180000000000000000000000000000000000000000000000000000000000000000000000000002067000000000000000000000000000000000000000000000000188720000000000000          0000000000000000000000000000000000000000000000000010000059
100000000000000001202500017727X28472321      0000000000427001000000000000010000001   027000000 0000000000 1806150311          00000000000010000001000000000000000600734191070001603110000180000000000000000000000000000000000000000000000000000000000000000000000000006007000000000000000000000000000000000000000000000000582720000000000000          0000000000000000000000000000000000000000000000000010000060
100000000000000001202500017727X28472321      0000000000427018500000000000010000001   027000000 0000000000 1806150311          00000000000010000001000000000000000229039902230001603110000180000000000000000000000000000000000000000000000000000000000000000000000000002290000000000000000000000000000000000000000000000000211020000000000000          0000000000000000000000000000000000000000000000000010000061
100000000000000001202500017727X28472321      0000000000427021500000000000010000001   027000000 0000000000 1806150311          00000000000010000001000000000000000270823701150001603110000180000000000000000000000000000000000000000000000000000000000000000000000000002708000000000000000000000000000000000000000000000000252820000000000000          0000000000000000000000000000000000000000000000000010000062
100000000000000001202500017727X28472321      0000000000427023100000000000010000001   027000000 0000000000 1806150311          00000000000010000001000000000000000280100170041001603110000180000000000000000000000000000000000000000000000000000000000000000000000000003081000000000028000000000000000000000000000000000000290120000000000000          0000000000000000000000000000000000000000000000000004000063
100000000000000001202500017727X28472321      0000000000427045300000000000010000001   027000000 0000000000 1806150311          00000000000010000001000000000000000152534180580001603110000180000000000000000000000000000000000000000000000000000000000000000000000000001525000000000000000000000000000000000000000000000000134520000000000000          0000000000000000000000000000000000000000000000000010000064
100000000000000001202500017727X28472321      0000000000427070200000000000010000001   027000000 0000000000 1806150311          00000000000010000001000000000000000127939902230001603110000180000000000000000000000000000000000000000000000000000000000000000000000000001279000000000000000000000000000000000000000000000000109920000000000000          0000000000000000000000000000000000000000000000000010000065
100000000000000001202500017727X28472321      0000000000427107800000000000010000001   027000000 0000000000 1806150311          00000000000010000001000000000000000915800140932001603110000180000000000000000000000000000000000000000000000000000000000000000000000000009158000000000000000000000000000000000000000000000000897820000000000000          0000000000000000000000000000000000000000000000000004000066
100000000000000001202500017727X28472321      0000000000427112200000000000010000001   027000000 0000000000 1806150311          00000000000010000001000000000000000107734101670001603110000180000000000000000000000000000000000000000000000000000000000000000000000000001077000000000000000000000000000000000000000000000000089720000000000000          0000000000000000000000000000000000000000000000000010000067
100000000000000001202500017727X28472321      0000000000427122900000000000010000001   027000000 0000000000 1806150311          00000000000010000001000000000000001818034120000001603110000180000000000000000000000000000000000000000000000000000000000000000000000000018180000000000000000000000000000000000000000000000001800020000000000000          0000000000000000000000000000000000000000000000000010000068
100000000000000001202500017727X28472321      0000000000427150500000000000010000001   027000000 0000000000 1806150311          00000000000010000001000000000000000413039902230001603110000180000000000000000000000000000000000000000000000000000000000000000000000000004130000000000000000000000000000000000000000000000000395020000000000000          0000000000000000000000000000000000000000000000000010000069
100000000000000001202500017727X28472321      0000000000427154200000000000010000001   027000000 0000000000 1806150311          00000000000010000001000000000000001655239902230001603110000180000000000000000000000000000000000000000000000000000000000000000000000000016552000000000000000000000000000000000000000000000001637220000000000000          0000000000000000000000000000000000000000000000000010000070
100000000000000001202500017727X28472321      0000000000427181100000000000010000001   027000000 0000000000 1806150311          00000000000010000001000000000000000730903334090001603110000180000000000000000000000000000000000000000000000000000000000000000000000000007309000000000000000000000000000000000000000000000000712920000000000000          0000000000000000000000000000000000000000000000000010000071
100000000000000001202500017727X28472321      0000000000427185600000000000010000001   027000000 0000000000 1806150311          00000000000010000001000000000000000830239902230001603110000180000000000000000000000000000000000000000000000000000000000000000000000000008302000000000000000000000000000000000000000000000000812220000000000000          0000000000000000000000000000000000000000000000000010000072
100000000000000001202500017727X28472321      0000000000427189000000000000010000001   027000000 0000000000 1806150311          00000000000010000001000000000000000154834100270001603110000180000000000000000000000000000000000000000000000000000000000000000000000000001548000000000000000000000000000000000000000000000000136820000000000000          0000000000000000000000000000000000000000000000000010000073
100000000000000001202500017727X28472321      0000000000427211600000000000010000001   027000000 0000000000 1806150311          00000000000010000001000000000000000373634100450001603110000180000000000000000000000000000000000000000000000000000000000000000000000000003736000000000000000000000000000000000000000000000000355620000000000000          0000000000000000000000000000000000000000000000000010000074
100000000000000001202500017727X28472321      0000000000427224700000000000010000001   027000000 0000000000 1806150311          00000000000010000001000000000000000371103302360001603110000180000000000000000000000000000000000000000000000000000000000000000000000000003711000000000000000000000000000000000000000000000000353120000000000000          0000000000000000000000000000000000000000000000000010000075
100000000000000001202500017727X28472321      0000000000427269700000000000010000001   027000000 0000000000 1806150311          00000000000010000001000000000000000309234106600001603110000180000000000000000000000000000000000000000000000000000000000000000000000000003092000000000000000000000000000000000000000000000000291220000000000000          0000000000000000000000000000000000000000000000000010000076
100000000000000001202500017727X28472321      0000000000427282100000000000010000001   027000000 0000000000 1806150311          00000000000010000001000000000000000684534116640001603110000180000000000000000000000000000000000000000000000000000000000000000000000000006845000000000000000000000000000000000000000000000000666520000000000000          0000000000000000000000000000000000000000000000000010000077
100000000000000001202500017727X28472321      0000000000427318800000000000010000001   027000000 0000000000 1806150311          00000000000010000001000000000000000717134110240001603110000180000000000000000000000000000000000000000000000000000000000000000000000000007171000000000000000000000000000000000000000000000000699120000000000000          0000000000000000000000000000000000000000000000000010000078
100000000000000001202500017727X28472321      0000000000427333500000000000010000001   027000000 0000000000 1806150311          00000000000010000001000000000000001225339902230001603110000180000000000000000000000000000000000000000000000000000000000000000000000000012253000000000000000000000000000000000000000000000001207320000000000000          0000000000000000000000000000000000000000000000000010000079
100000000000000001202500017727X28472321      0000000000427353100000000000010000001   027000000 0000000000 1806150311          00000000000010000001000000000000000933523728940001603110000180000000000000000000000000000000000000000000000000000000000000000000000000009335000000000000000000000000000000000000000000000000915520000000000000          0000000000000000000000000000000000000000000000000010000080
100000000000000001202500017727X28472321      0000000000427355400000000000010000001   027000000 0000000000 1806150311          00000000000010000001000000000000000423734100450001603110000180000000000000000000000000000000000000000000000000000000000000000000000000004237000000000000000000000000000000000000000000000000405720000000000000          0000000000000000000000000000000000000000000000000010000081
100000000000000001202500017727X28472321      0000000000427356100000000000010000001   027000000 0000000000 1806150311          00000000000010000001000000000000000418639902230001603110000180000000000000000000000000000000000000000000000000000000000000000000000000004186000000000000000000000000000000000000000000000000400620000000000000          0000000000000000000000000000000000000000000000000010000082
100000000000000001202500017727X28472321      0000000000427388300000000000010000001   027000000 0000000000 1806150311          00000000000010000001000000000000000479523737900001603110000180000000000000000000000000000000000000000000000000000000000000000000000000004795000000000000000000000000000000000000000000000000461520000000000000          0000000000000000000000000000000000000000000000000010000083
100000000000000001202500017727X28472321      0000000000427395700000000000010000001   027000000 0000000000 1806150311          00000000000010000001000000000000000105623701980001603110000180000000000000000000000000000000000000000000000000000000000000000000000000001056000000000000000000000000000000000000000000000000087620000000000000          0000000000000000000000000000000000000000000000000010000084
100000000000000001202500017727X28472321      0000000000427417300000000000010000001   027000000 0000000000 1806150311          00000000000010000001000000000000000266023737900001603110000180000000000000000000000000000000000000000000000000000000000000000000000000002660000000000000000000000000000000000000000000000000248020000000000000          0000000000000000000000000000000000000000000000000010000085
100000000000000001202500017727X28472321      0000000000427432100000000000010000001   027000000 0000000000 1806150311          00000000000010000001000000000000001595739902230001603110000180000000000000000000000000000000000000000000000000000000000000000000000000015957000000000000000000000000000000000000000000000001577720000000000000          0000000000000000000000000000000000000000000000000010000086
100000000000000001202500017727X28472321      0000000000427449200000000000010000001   027000000 0000000000 1806150311          00000000000010000001000000000000000630223737900001603110000180000000000000000000000000000000000000000000000000000000000000000000000000006302000000000000000000000000000000000000000000000000612220000000000000          0000000000000000000000000000000000000000000000000010000087
100000000000000001202500017727X28472321      0000000000427458700000000000010000001   027000000 0000000000 1806150311          00000000000010000001000000000000000635434191070001603110000180000000000000000000000000000000000000000000000000000000000000000000000000006354000000000000000000000000000000000000000000000000617420000000000000          0000000000000000000000000000000000000000000000000010000088
100000000000000001202500017727X28472321      0000000000427459400000000000010000001   027000000 0000000000 1806150311          00000000000010000001000000000000001335223737900001603110000180000000000000000000000000000000000000000000000000000000000000000000000000013352000000000000000000000000000000000000000000000001317220000000000000          0000000000000000000000000000000000000000000000000010000089
100000000000000001202500017727X28472321      0000000000427460000000000000010000001   027000000 0000000000 1806150311          00000000000010000001000000000000000206103333730001603110000180000000000000000000000000000000000000000000000000000000000000000000000000002061000000000000000000000000000000000000000000000000188120000000000000          0000000000000000000000000000000000000000000000000010000090
100000000000000001202500017727X28472321      0000000000427487200000000000010000001   027000000 0000000000 1806150311          00000000000010000001000000000000000165803347520001603110000180000000000000000000000000000000000000000000000000000000000000000000000000001658000000000000000000000000000000000000000000000000147820000000000000          0000000000000000000000000000000000000000000000000010000091
100000000000000001202500017727X28472321      0000000000427533500000000000010000001   027000000 0000000000 1806150311          00000000000010000001000000000000000483634100270001603110000180000000000000000000000000000000000000000000000000000000000000000000000000004836000000000000000000000000000000000000000000000000465620000000000000          0000000000000000000000000000000000000000000000000010000092
100000000000000001202500017727X28472321      0000000000427609000000000000010000001   027000000 0000000000 1806150311          00000000000010000001000000000000001817610440470001603110000180000000000000000000000000000000000000000000000000000000000000000000000000018176000000000000000000000000000000000000000000000001799620000000000000          0000000000000000000000000000000000000000000000000010000093
100000000000000001202500017727X28472321      0000000000427641900000000000010000001   027000000 0000000000 1806150311          00000000000010000001000000000000001887834100610001603110000180000000000000000000000000000000000000000000000000000000000000000000000000018878000000000000000000000000000000000000000000000001869820000000000000          0000000000000000000000000000000000000000000000000010000094
100000000000000001202500017727X28472321      0000000000427692300000000000010000001   027000000 0000000000 1806150311          00000000000010000001000000000000000334123701980001603110000180000000000000000000000000000000000000000000000000000000000000000000000000003341000000000000000000000000000000000000000000000000316120000000000000          0000000000000000000000000000000000000000000000000010000095
100000000000000001202500017727X28472321      0000000000427693100000000000010000001   027000000 0000000000 1806150311          00000000000010000001000000000000000598039902230001603110000180000000000000000000000000000000000000000000000000000000000000000000000000005980000000000000000000000000000000000000000000000000580020000000000000          0000000000000000000000000000000000000000000000000010000096
100000000000000001202500017727X28472321      0000000000427730700000000000010000001   027000000 0000000000 1806150311          00000000000010000001000000000000000180439902230001603110000180000000000000000000000000000000000000000000000000000000000000000000000000001804000000000000000000000000000000000000000000000000162420000000000000          0000000000000000000000000000000000000000000000000010000097
100000000000000001202500017727X28472321      0000000000427762700000000000010000001   027000000 0000000000 1806150311          00000000000010000001000000000000001419200112580001603110000180000000000000000000000000000000000000000000000000000000000000000000000000014192000000000000000000000000000000000000000000000001401220000000000000          0000000000000000000000000000000000000000000000000004000098
100000000000000001202500017727X28472321      0000000000427788500000000000010000001   027000000 0000000000 1806150311          00000000000010000001000000000000000081934107360001603110000180000000000000000000000000000000000000000000000000000000000000000000000000000819000000000000000000000000000000000000000000000000063920000000000000          0000000000000000000000000000000000000000000000000010000099
100000000000000001202500017727X28472321      0000000000427814800000000000010000001   027000000 0000000000 1806150311          00000000000010000001000000000000000097000157177001603110000225000000000000000000000000000000000000000000000000000000000000000000000000001067000000000009700000000000000000000000000000000000084220000000000000          0000000000000000000000000000000000000000000000000008000100
100000000000000001202500017727X28472321      0000000000428119700000000000010000001   027000000 0000000000 1806150311          00000000000010000001000000000000000717323701980001603110000180000000000000000000000000000000000000000000000000000000000000000000000000007173000000000000000000000000000000000000000000000000699320000000000000          0000000000000000000000000000000000000000000000000010000101
100000000000000001202500017727X28472321      0000000000428322800000000000010000001   027000000 0000000000 1806150311          00000000000010000001000000000000001111839902230001603110000180000000000000000000000000000000000000000000000000000000000000000000000000011118000000000000000000000000000000000000000000000001093820000000000000          0000000000000000000000000000000000000000000000000010000102
9201001          000000000000000000000000000000          000000000000000000000000000000          000000000000000000000000000000          000000000000000000000000000000                                                  000000000000000000000000000000                                                                                                                                                   000103
