02RETORNO01COBRANCA       1202500017727X284723SIND EMP DE EDIF SP ZEL PORT C001BANCO DO BRASIL1103110001880                      000001880201093102                                                                                                                                                                                                                                                       000001
100000000000000001202500017727X28472321      0000000000404140600000000000010000001   027000000 0000000000 1806110311          00000000000010000001000000000000000155634129610001403110000180000000000000000000000000000000000000000000000000000000000000000000000000001556000000000000000000000000000000000000000000000000137620000000000000          0000000000000000000000000000000000000000000000000010000002
100000000000000001202500017727X28472321      0000000000425991400000000000010000001   027000000 0000000000 1806110311          00000000000010000001000000000000000120000111894001403110000225000000000000000000000000000000000000000000000000000000000000000000000000001320000000000012000000000000000000000000000000000000109520000000000000          0000000000000000000000000000000000000000000000000008000003
100000000000000001202500017727X28472321      0000000000426000100000000000010000001   027000000 0000000000 1806110311          00000000000010000001000000000000001698400118155001403110000225000000000000000000000000000000000000000000000000000000000000000000000000016984000000000000000000000000000000000000000000000001675920000000000000          0000000000000000000000000000000000000000000000000008000004
100000000000000001202500017727X28472321      0000000000426159000000000000010000001   027000000 0000000000 1806110311          00000000000010000001000000000000000152234100270001403110000180000000000000000000000000000000000000000000000000000000000000000000000000001522000000000000000000000000000000000000000000000000134220000000000000          0000000000000000000000000000000000000000000000000010000005
100000000000000001202500017727X28472321      0000000000426161400000000000010000001   027000000 0000000000 1806110311          00000000000010000001000000000000000152434100640001403110000180000000000000000000000000000000000000000000000000000000000000000000000000001524000000000000000000000000000000000000000000000000134420000000000000          0000000000000000000000000000000000000000000000000010000006
100000000000000001202500017727X28472321      0000000000426194300000000000010000001   027000000 0000000000 1806110311          00000000000010000001000000000000000085100120389001403110000180000000000000000000000000000000000000000000000000000000000000000000000000000851000000000000000000000000000000000000000000000000067120000000000000          0000000000000000000000000000000000000000000000000007000007
100000000000000001202500017727X28472321      0000000000426241400000000000010000001   027000000 0000000000 1806110311          00000000000010000001000000000000000380234171640001403110000180000000000000000000000000000000000000000000000000000000000000000000000000003802000000000000000000000000000000000000000000000000362220000000000000          0000000000000000000000000000000000000000000000000010000008
100000000000000001202500017727X28472321      0000000000426334200000000000010000001   027000000 0000000000 1806110311          00000000000010000001000000000000000853534101670001403110000180000000000000000000000000000000000000000000000000000000000000000000000000008535000000000000000000000000000000000000000000000000835520000000000000          0000000000000000000000000000000000000000000000000010000009
100000000000000001202500017727X28472321      0000000000426335700000000000010000001   027000000 0000000000 1806110311          00000000000010000001000000000000001064003335620001403110000180000000000000000000000000000000000000000000000000000000000000000000000000010640000000000000000000000000000000000000000000000001046020000000000000          0000000000000000000000000000000000000000000000000010000010
100000000000000001202500017727X28472321      0000000000426351300000000000010000001   027000000 0000000000 1806110311          00000000000010000001000000000000000518934187190001403110000180000000000000000000000000000000000000000000000000000000000000000000000000005189000000000000000000000000000000000000000000000000500920000000000000          0000000000000000000000000000000000000000000000000010000011
100000000000000001202500017727X28472321      0000000000426397300000000000010000001   027000000 0000000000 1806110311          00000000000010000001000000000000000080800148666001403110000225000000000000000000000000000000000000000000000000000000000000000000000000000889000000000008100000000000000000000000000000000000066420000000000000          0000000000000000000000000000000000000000000000000008000012
100000000000000001202500017727X28472321      0000000000426399200000000000010000001   027000000 0000000000 1806110311          00000000000010000001000000000000000841234100640001403110000180000000000000000000000000000000000000000000000000000000000000000000000000008412000000000000000000000000000000000000000000000000823220000000000000          0000000000000000000000000000000000000000000000000010000013
100000000000000001202500017727X28472321      0000000000426409900000000000010000001   027000000 0000000000 1806110311          00000000000010000001000000000000000331100168152001403110000225000000000000000000000000000000000000000000000000000000000000000000000000003311000000000000000000000000000000000000000000000000308620000000000000          0000000000000000000000000000000000000000000000000008000014
100000000000000001202500017727X28472321      0000000000426434400000000000010000001   027000000 0000000000 1806110311          00000000000010000001000000000000000710334187190001403110000180000000000000000000000000000000000000000000000000000000000000000000000000007103000000000000000000000000000000000000000000000000692320000000000000          0000000000000000000000000000000000000000000000000010000015
100000000000000001202500017727X28472321      0000000000426443400000000000010000001   027000000 0000000000 1806110311          00000000000010000001000000000000000926534100640001403110000180000000000000000000000000000000000000000000000000000000000000000000000000009265000000000000000000000000000000000000000000000000908520000000000000          0000000000000000000000000000000000000000000000000010000016
100000000000000001202500017727X28472321      0000000000426448900000000000010000001   027000000 0000000000 1806110311          00000000000010000001000000000000000101342200340001403110000180000000000000000000000000000000000000000000000000000000000000000000000000001013000000000000000000000000000000000000000000000000083320000000000000          0000000000000000000000000000000000000000000000000010000017
100000000000000001202500017727X28472321      0000000000426453300000000000010000001   027000000 0000000000 1806110311          00000000000010000001000000000000001161034101500001403110000180000000000000000000000000000000000000000000000000000000000000000000000000011610000000000000000000000000000000000000000000000001143020000000000000          0000000000000000000000000000000000000000000000000010000018
100000000000000001202500017727X28472321      0000000000426514800000000000010000001   027000000 0000000000 1806110311          00000000000010000001000000000000000042034132400001403110000180000000000000000000000000000000000000000000000000000000000000000000000000000420000000000000000000000000000000000000000000000000024020000000000000          0000000000000000000000000000000000000000000000000010000019
100000000000000001202500017727X28472321      0000000000426517300000000000010000001   027000000 0000000000 1806110311          00000000000010000001000000000000003452534185710001403110000180000000000000000000000000000000000000000000000000000000000000000000000000034525000000000000000000000000000000000000000000000003434520000000000000          0000000000000000000000000000000000000000000000000010000020
100000000000000001202500017727X28472321      0000000000426521800000000000010000001   027000000 0000000000 1806110311          00000000000010000001000000000000001378234102620001403110000180000000000000000000000000000000000000000000000000000000000000000000000000013782000000000000000000000000000000000000000000000001360220000000000000          0000000000000000000000000000000000000000000000000010000021
100000000000000001202500017727X28472321      0000000000426547600000000000010000004   027000000 0000000000 1806110311          00000000000010000004000000000000000623000135696001403110000225000000000000000000000000000000000000000000000000000000000000000000000000006853000000000062300000000000000000000000000000000000662820000000000000          0000000000000000000000000000000000000000000000000008000022
100000000000000001202500017727X28472321      0000000000426559100000000000010000001   027000000 0000000000 1806110311          00000000000010000001000000000000000048334103830001403110000180000000000000000000000000000000000000000000000000000000000000000000000000000483000000000000000000000000000000000000000000000000030320000000000000          0000000000000000000000000000000000000000000000000010000023
100000000000000001202500017727X28472321      0000000000426570700000000000010000001   027000000 0000000000 1806110311          00000000000010000001000000000000000136034100720001403110000180000000000000000000000000000000000000000000000000000000000000000000000000001360000000000000000000000000000000000000000000000000118020000000000000          0000000000000000000000000000000000000000000000000010000024
100000000000000001202500017727X28472321      0000000000426583100000000000010000001   027000000 0000000000 1806110311          00000000000010000001000000000000000074003302200001403110000180000000000000000000000000000000000000000000000000000000000000000000000000000740000000000000000000000000000000000000000000000000056020000000000000          0000000000000000000000000000000000000000000000000010000025
100000000000000001202500017727X28472321      0000000000426618100000000000010000001   027000000 0000000000 1806110311          00000000000010000001000000000000000639934106440001403110000180000000000000000000000000000000000000000000000000000000000000000000000000006399000000000000000000000000000000000000000000000000621920000000000000          0000000000000000000000000000000000000000000000000010000026
100000000000000001202500017727X28472321      0000000000426684400000000000010000001   027000000 0000000000 1806110311          00000000000010000001000000000000000199323728840001403110000180000000000000000000000000000000000000000000000000000000000000000000000000001993000000000000000000000000000000000000000000000000181320000000000000          0000000000000000000000000000000000000000000000000010000027
100000000000000001202500017727X28472321      0000000000426698700000000000010000001   027000000 0000000000 1806110311          00000000000010000001000000000000000126200141351001403110000225000000000000000000000000000000000000000000000000000000000000000000000000001388000000000012600000000000000000000000000000000000116320000000000000          0000000000000000000000000000000000000000000000000008000028
100000000000000001202500017727X28472321      0000000000426730400000000000010000001   027000000 0000000000 1806110311          00000000000010000001000000000000000081800135483001403110000225000000000000000000000000000000000000000000000000000000000000000000000000000899000000000008100000000000000000000000000000000000067420000000000000          0000000000000000000000000000000000000000000000000008000029
100000000000000001202500017727X28472321      0000000000426920100000000000010000001   027000000 0000000000 1806110311          00000000000010000001000000000000000937303331030001403110000180000000000000000000000000000000000000000000000000000000000000000000000000009373000000000000000000000000000000000000000000000000919320000000000000          0000000000000000000000000000000000000000000000000010000030
100000000000000001202500017727X28472321      0000000000426969400000000000010000001   027000000 0000000000 1806110311          00000000000010000001000000000000000091900130236001403110000225000000000000000000000000000000000000000000000000000000000000000000000000001011000000000009200000000000000000000000000000000000078620000000000000          0000000000000000000000000000000000000000000000000008000031
100000000000000001202500017727X28472321      0000000000427004000000000000010000001   027000000 0000000000 1806110311          00000000000010000001000000000000001152200142277001403110000225000000000000000000000000000000000000000000000000000000000000000000000000012674000000000115200000000000000000000000000000000001244920000000000000          0000000000000000000000000000000000000000000000000008000032
100000000000000001202500017727X28472321      0000000000427102400000000000010000001   027000000 0000000000 1806110311          00000000000010000001000000000000000154803307910001403110000180000000000000000000000000000000000000000000000000000000000000000000000000001548000000000000000000000000000000000000000000000000136820000000000000          0000000000000000000000000000000000000000000000000010000033
100000000000000001202500017727X28472321      0000000000427156000000000000010000001   027000000 0000000000 1806110311          00000000000010000001000000000000000148000168071001403110000225000000000000000000000000000000000000000000000000000000000000000000000000001628000000000014800000000000000000000000000000000000140320000000000000          0000000000000000000000000000000000000000000000000008000034
100000000000000001202500017727X28472321      0000000000427172900000000000010000001   027000000 0000000000 1806110311          00000000000010000001000000000000000080803330560001403110000180000000000000000000000000000000000000000000000000000000000000000000000000000808000000000000000000000000000000000000000000000000062820000000000000          0000000000000000000000000000000000000000000000000010000035
100000000000000001202500017727X28472321      0000000000427196300000000000010000001   027000000 0000000000 1806110311          00000000000010000001000000000000000199100141351001403110000225000000000000000000000000000000000000000000000000000000000000000000000000002190000000000019900000000000000000000000000000000000196520000000000000          0000000000000000000000000000000000000000000000000008000036
100000000000000001202500017727X28472321      0000000000427206300000000000010000001   027000000 0000000000 1806110311          00000000000010000001000000000000000592234101960001403110000180000000000000000000000000000000000000000000000000000000000000000000000000005922000000000000000000000000000000000000000000000000574220000000000000          0000000000000000000000000000000000000000000000000010000037
100000000000000001202500017727X28472321      0000000000427221000000000000010000001   027000000 0000000000 1806110311          00000000000010000001000000000000000074023737780001403110000180000000000000000000000000000000000000000000000000000000000000000000000000000740000000000000000000000000000000000000000000000000056020000000000000          0000000000000000000000000000000000000000000000000010000038
100000000000000001202500017727X28472321      0000000000427280300000000000010000001   027000000 0000000000 1806110311          00000000000010000001000000000000000545200133308001403110000225000000000000000000000000000000000000000000000000000000000000000000000000005452000000000000000000000000000000000000000000000000522720000000000000          0000000000000000000000000000000000000000000000000008000039
100000000000000001202500017727X28472321      0000000000427376700000000000010000001   027000000 0000000000 1806110311          00000000000010000001000000000000000206034129610001403110000180000000000000000000000000000000000000000000000000000000000000000000000000002060000000000000000000000000000000000000000000000000188020000000000000          0000000000000000000000000000000000000000000000000010000040
100000000000000001202500017727X28472321      0000000000427415100000000000010000001   027000000 0000000000 1806110311          00000000000010000001000000000000000245203338270001403110000180000000000000000000000000000000000000000000000000000000000000000000000000002452000000000000000000000000000000000000000000000000227220000000000000          0000000000000000000000000000000000000000000000000010000041
100000000000000001202500017727X28472321      0000000000427470700000000000010000001   027000000 0000000000 1806110311          00000000000010000001000000000000000518334187190001403110000180000000000000000000000000000000000000000000000000000000000000000000000000005183000000000000000000000000000000000000000000000000500320000000000000          0000000000000000000000000000000000000000000000000010000042
100000000000000001202500017727X28472321      0000000000427492200000000000010000001   027000000 0000000000 1806110311          00000000000010000001000000000000000168703301540001403110000180000000000000000000000000000000000000000000000000000000000000000000000000001687000000000000000000000000000000000000000000000000150720000000000000          0000000000000000000000000000000000000000000000000010000043
100000000000000001202500017727X28472321      0000000000427495200000000000010000001   027000000 0000000000 1806110311          00000000000010000001000000000000000541834107560001403110000180000000000000000000000000000000000000000000000000000000000000000000000000005418000000000000000000000000000000000000000000000000523820000000000000          0000000000000000000000000000000000000000000000000010000044
100000000000000001202500017727X28472321      0000000000427495300000000000010000001   027000000 0000000000 1806110311          00000000000010000001000000000000000378503301540001403110000180000000000000000000000000000000000000000000000000000000000000000000000000003785000000000000000000000000000000000000000000000000360520000000000000          0000000000000000000000000000000000000000000000000010000045
100000000000000001202500017727X28472321      0000000000427535700000000000010000001   027000000 0000000000 1806110311          00000000000010000001000000000000001054134102620001403110000180000000000000000000000000000000000000000000000000000000000000000000000000010541000000000000000000000000000000000000000000000001036120000000000000          0000000000000000000000000000000000000000000000000010000046
100000000000000001202500017727X28472321      0000000000427610700000000000010000001   027000000 0000000000 1806110311          00000000000010000001000000000000001142834102620001403110000180000000000000000000000000000000000000000000000000000000000000000000000000011428000000000000000000000000000000000000000000000001124820000000000000          0000000000000000000000000000000000000000000000000010000047
100000000000000001202500017727X28472321      0000000000427643600000000000010000001   027000000 0000000000 1806110311          00000000000010000001000000000000000351600157177001403110000225000000000000000000000000000000000000000000000000000000000000000000000000003868000000000035200000000000000000000000000000000000364320000000000000          0000000000000000000000000000000000000000000000000008000048
100000000000000001202500017727X28472321      0000000000427670300000000000010000001   027000000 0000000000 1806110311          00000000000010000001000000000000000561400129629001403110000225000000000000000000000000000000000000000000000000000000000000000000000000006175000000000056100000000000000000000000000000000000595020000000000000          0000000000000000000000000000000000000000000000000008000049
100000000000000001202500017727X28472321      0000000000427676100000000000010000001   027000000 0000000000 1806110311          00000000000010000001000000000000000122923726210001403110000180000000000000000000000000000000000000000000000000000000000000000000000000001229000000000000000000000000000000000000000000000000104920000000000000          0000000000000000000000000000000000000000000000000010000050
100000000000000001202500017727X28472321      0000000000427688800000000000010000001   027000000 0000000000 1806110311          00000000000010000001000000000000000244500169434001403110000225000000000000000000000000000000000000000000000000000000000000000000000000002690000000000024500000000000000000000000000000000000246520000000000000          0000000000000000000000000000000000000000000000000008000051
100000000000000001202500017727X28472321      0000000000427699000000000000010000001   027000000 0000000000 1806110311          00000000000010000001000000000000000622134108950001403110000180000000000000000000000000000000000000000000000000000000000000000000000000006221000000000000000000000000000000000000000000000000604120000000000000          0000000000000000000000000000000000000000000000000010000052
100000000000000001202500017727X28472321      0000000000427763200000000000010000001   027000000 0000000000 1806110311          00000000000010000001000000000000000561203336300001403110000180000000000000000000000000000000000000000000000000000000000000000000000000005612000000000000000000000000000000000000000000000000543220000000000000          0000000000000000000000000000000000000000000000000010000053
100000000000000001202500017727X28472321      0000000000427794800000000000010000001   027000000 0000000000 1806110311          00000000000010000001000000000000000653834187190001403110000180000000000000000000000000000000000000000000000000000000000000000000000000006538000000000000000000000000000000000000000000000000635820000000000000          0000000000000000000000000000000000000000000000000010000054
100000000000000001202500017727X28472321      0000000000427821600000000000010000001   027000000 0000000000 1806110311          00000000000010000001000000000000000228323731140001403110000180000000000000000000000000000000000000000000000000000000000000000000000000002283000000000000000000000000000000000000000000000000210320000000000000          0000000000000000000000000000000000000000000000000010000055
100000000000000001202500017727X28472321      0000000000428018700000000000010000001   027000000 0000000000 1806110311          00000000000010000001000000000000000074034130360001403110000180000000000000000000000000000000000000000000000000000000000000000000000000000740000000000000000000000000000000000000000000000000056020000000000000          0000000000000000000000000000000000000000000000000010000056
100000000000000001202500017727X28472321      0000000000428094800000000000010000001   027000000 0000000000 1806110311          00000000000010000001000000000000000400034191700001403110000180000000000000000000000000000000000000000000000000000000000000000000000000004000000000000000000000000000000000000000000000000000382020000000000000          0000000000000000000000000000000000000000000000000010000057
100000000000000001202500017727X28472321      0000000000428096400000000000010000001   027000000 0000000000 1806110311          00000000000010000001000000000000007287935606890001403110000180000000000000000000000000000000000000000000000000000000000000000000000000072879000000000000000000000000000000000000000000000007269920000000000000          0000000000000000000000000000000000000000000000000010000058
100000000000000001202500017727X28472321      0000000000428260000000000000010000001   027000000 0000000000 1806110311          00000000000010000001000000000000000133734101920001403110000180000000000000000000000000000000000000000000000000000000000000000000000000001337000000000000000000000000000000000000000000000000115720000000000000          0000000000000000000000000000000000000000000000000010000059
100000000000000001202500017727X28472321      0000000000428346800000000000010000001   027000000 0000000000 1806110311          00000000000010000001000000000000000614434100640001403110000180000000000000000000000000000000000000000000000000000000000000000000000000006144000000000000000000000000000000000000000000000000596420000000000000          0000000000000000000000000000000000000000000000000010000060
100000000000000001202500017727X28472321      0000000000428346900000000000010000001   027000000 0000000000 1806110311          00000000000010000001000000000000000610834100640001403110000180000000000000000000000000000000000000000000000000000000000000000000000000006108000000000000000000000000000000000000000000000000592820000000000000          0000000000000000000000000000000000000000000000000010000061
100000000000000001202500017727X28472321      0000000000428347000000000000010000001   027000000 0000000000 1806110311          00000000000010000001000000000000000584434100640001403110000180000000000000000000000000000000000000000000000000000000000000000000000000005844000000000000000000000000000000000000000000000000566420000000000000          0000000000000000000000000000000000000000000000000010000062
9201001          000000000000000000000000000000          000000000000000000000000000000          000000000000000000000000000000          000000000000000000000000000000                                                  000000000000000000000000000000                                                                                                                                                   000063
