02RETORNO01COBRANCA       1202500017727X000000SIND EMP DE EDIF SP ZEL PORT C001BANCO DO BRASIL0403110000764                      000001493201093102  1449863                                                                                                                                                                                                                                              000001
700000000000000001202500017727X1449863                         1449863000778410210000001   03500000000000 1806040311                              00000000000000008000010717X000903110000180000000000000000000000000000000000000000000000000000000000000000000000000000800000000000000000000000000000000000000000000000000062020000000000000          0000000000000000000000000000000000000000000000000007000002
700000000000000001202500017727X1449863                         1449863000778410310000001   03500000000000 1806040311                              00000000000000008000010717X000903110000180000000000000000000000000000000000000000000000000000000000000000000000000000800000000000000000000000000000000000000000000000000062020000000000000          0000000000000000000000000000000000000000000000000007000003
700000000000000001202500017727X1449863                         1449863000972710310000001   03500000000000 1806040311                              000000000000000080034103470000903110000180000000000000000000000000000000000000000000000000000000000000000000000000000800000000000000000000000000000000000000000000000000062020000000000000          0000000000000000000000000000000000000000000000000010000004
700000000000000001202500017727X1449863                         1449863001003910310000001   03500000000000 1806040311                              000000000000000080034178630000903110000180000000000000000000000000000000000000000000000000000000000000000000000000000800000000000000000000000000000000000000000000000000062020000000000000          0000000000000000000000000000000000000000000000000010000005
700000000000000001202500017727X1449863                         1449863001020410310000001   03500000000000 1806040311                              000000000000000080023704980000903110000180000000000000000000000000000000000000000000000000000000000000000000000000000800000000000000000000000000000000000000000000000000062020000000000000          0000000000000000000000000000000000000000000000000010000006
700000000000000001202500017727X1449863                         1449863001032810710000001   03500000000000 1806040311                              000000000000000080034100360000903110000180000000000000000000000000000000000000000000000000000000000000000000000000000800000000000000000000000000000000000000000000000000062020000000000000          0000000000000000000000000000000000000000000000000010000007
700000000000000001202500017727X1449863                         1449863001032810810000001   03500000000000 1806040311                              000000000000000080034100360000903110000180000000000000000000000000000000000000000000000000000000000000000000000000000800000000000000000000000000000000000000000000000000062020000000000000          0000000000000000000000000000000000000000000000000010000008
700000000000000001202500017727X1449863                         1449863001032810910000001   03500000000000 1806040311                              000000000000000080034100360000903110000180000000000000000000000000000000000000000000000000000000000000000000000000000800000000000000000000000000000000000000000000000000062020000000000000          0000000000000000000000000000000000000000000000000010000009
700000000000000001202500017727X1449863                         1449863001032811010000001   03500000000000 1806040311                              000000000000000080034100360000903110000180000000000000000000000000000000000000000000000000000000000000000000000000000800000000000000000000000000000000000000000000000000062020000000000000          0000000000000000000000000000000000000000000000000010000010
700000000000000001202500017727X1449863                         1449863001032811110000001   03500000000000 1806040311                              000000000000000080034100360000903110000180000000000000000000000000000000000000000000000000000000000000000000000000000800000000000000000000000000000000000000000000000000062020000000000000          0000000000000000000000000000000000000000000000000010000011
700000000000000001202500017727X1449863                         1449863001032811210000001   03500000000000 1806040311                              000000000000000080034100360000903110000180000000000000000000000000000000000000000000000000000000000000000000000000000800000000000000000000000000000000000000000000000000062020000000000000          0000000000000000000000000000000000000000000000000010000012
700000000000000001202500017727X1449863                         1449863001034710710000001   03500000000000 1806040311                              000000000000000080023704960000903110000180000000000000000000000000000000000000000000000000000000000000000000000000000800000000000000000000000000000000000000000000000000062020000000000000          0000000000000000000000000000000000000000000000000010000013
700000000000000001202500017727X1449863                         1449863001034710810000001   03500000000000 1806040311                              000000000000000080023704960000903110000180000000000000000000000000000000000000000000000000000000000000000000000000000800000000000000000000000000000000000000000000000000062020000000000000          0000000000000000000000000000000000000000000000000010000014
700000000000000001202500017727X1449863                         1449863001034710910000001   03500000000000 1806040311                              000000000000000080023704960000903110000180000000000000000000000000000000000000000000000000000000000000000000000000000800000000000000000000000000000000000000000000000000062020000000000000          0000000000000000000000000000000000000000000000000010000015
700000000000000001202500017727X1449863                         1449863001034711010000001   03500000000000 1806040311                              000000000000000080023704960000903110000180000000000000000000000000000000000000000000000000000000000000000000000000000800000000000000000000000000000000000000000000000000062020000000000000          0000000000000000000000000000000000000000000000000010000016
700000000000000001202500017727X1449863                         1449863001034711110000001   03500000000000 1806040311                              000000000000000080023704960000903110000180000000000000000000000000000000000000000000000000000000000000000000000000000800000000000000000000000000000000000000000000000000062020000000000000          0000000000000000000000000000000000000000000000000010000017
700000000000000001202500017727X1449863                         1449863001034711210000001   03500000000000 1806040311                              000000000000000080023704960000903110000180000000000000000000000000000000000000000000000000000000000000000000000000000800000000000000000000000000000000000000000000000000062020000000000000          0000000000000000000000000000000000000000000000000010000018
700000000000000001202500017727X1449863                         1449863001181310310000001   03500000000000 1806040311                              000000000000000080034131710000903110000180000000000000000000000000000000000000000000000000000000000000000000000000000800000000000000000000000000000000000000000000000000062020000000000000          0000000000000000000000000000000000000000000000000010000019
700000000000000001202500017727X1449863                         1449863001280810310000001   03500000000000 1806040311                              000000000000000080003338290000903110000180000000000000000000000000000000000000000000000000000000000000000000000000000800000000000000000000000000000000000000000000000000062020000000000000          0000000000000000000000000000000000000000000000000010000020
700000000000000001202500017727X1449863                         1449863001281210210000001   03500000000000 1806040311                              000000000000000080000135602000903110000225000000000000000000000000000000000000000000000000000000000000000000000000000810000000000001000000000000000000000000000000000000058520000000000000          0000000000000000000000000000000000000000000000000008000021
700000000000000001202500017727X1449863                         1449863001312910310000001   03500000000000 1806040311                              000000000000000080034164200000903110000180000000000000000000000000000000000000000000000000000000000000000000000000000800000000000000000000000000000000000000000000000000062020000000000000          0000000000000000000000000000000000000000000000000010000022
700000000000000001202500017727X1449863                         1449863001353210310000001   03500000000000 1806040311                              000000000000000080034130990000903110000180000000000000000000000000000000000000000000000000000000000000000000000000000800000000000000000000000000000000000000000000000000062020000000000000          0000000000000000000000000000000000000000000000000010000023
700000000000000001202500017727X1449863                         1449863001355610310000001   03500000000000 1806040311                              000000000000000080023727130000903110000180000000000000000000000000000000000000000000000000000000000000000000000000000800000000000000000000000000000000000000000000000000062020000000000000          0000000000000000000000000000000000000000000000000010000024
700000000000000001202500017727X1449863                         1449863001396510310000001   03500000000000 1806040311                              000000000000000080023730690000903110000180000000000000000000000000000000000000000000000000000000000000000000000000000800000000000000000000000000000000000000000000000000062020000000000000          0000000000000000000000000000000000000000000000000010000025
700000000000000001202500017727X1449863                         1449863001396510410000001   03500000000000 1806040311                              000000000000000080023730690000903110000180000000000000000000000000000000000000000000000000000000000000000000000000000800000000000000000000000000000000000000000000000000062020000000000000          0000000000000000000000000000000000000000000000000010000026
700000000000000001202500017727X1449863                         1449863001403810310000001   03500000000000 1806040311                              000000000000000080010402670000903110000180000000000000000000000000000000000000000000000000000000000000000000000000000800000000000000000000000000000000000000000000000000062020000000000000          0000000000000000000000000000000000000000000000000010000027
700000000000000001202500017727X1449863                         1449863001437210310000001   03500000000000 1806040311                              000000000000000080034100270000903110000180000000000000000000000000000000000000000000000000000000000000000000000000000800000000000000000000000000000000000000000000000000062020000000000000          0000000000000000000000000000000000000000000000000010000028
700000000000000001202500017727X1449863                         1449863001486610410000001   03500000000000 1806040311                              000000000000000080034129230000903110000180000000000000000000000000000000000000000000000000000000000000000000000000000800000000000000000000000000000000000000000000000000062020000000000000          0000000000000000000000000000000000000000000000000010000029
700000000000000001202500017727X1449863                         1449863001491910410000001   03500000000000 1806040311                              000000000000000080034100360000903110000180000000000000000000000000000000000000000000000000000000000000000000000000000800000000000000000000000000000000000000000000000000062020000000000000          0000000000000000000000000000000000000000000000000010000030
700000000000000001202500017727X1449863                         1449863001491910510000001   03500000000000 1806040311                              000000000000000080034100360000903110000180000000000000000000000000000000000000000000000000000000000000000000000000000800000000000000000000000000000000000000000000000000062020000000000000          0000000000000000000000000000000000000000000000000010000031
700000000000000001202500017727X1449863                         1449863001555510310000001   03500000000000 1806040311                              000000000000000080003343720000903110000180000000000000000000000000000000000000000000000000000000000000000000000000000800000000000000000000000000000000000000000000000000062020000000000000          0000000000000000000000000000000000000000000000000010000032
700000000000000001202500017727X1449863                         1449863001650610310000001   03500000000000 1806040311                              000000000000000080023728470000903110000180000000000000000000000000000000000000000000000000000000000000000000000000000800000000000000000000000000000000000000000000000000062020000000000000          0000000000000000000000000000000000000000000000000010000033
700000000000000001202500017727X1449863                         1449863001670310310000001   03500000000000 1806040311                              000000000000000080034103490000903110000180000000000000000000000000000000000000000000000000000000000000000000000000000800000000000000000000000000000000000000000000000000062020000000000000          0000000000000000000000000000000000000000000000000010000034
700000000000000001202500017727X1449863                         1449863001899410510000001   03500000000000 1806040311                              000000000000000080034171290000903110000180000000000000000000000000000000000000000000000000000000000000000000000000000800000000000000000000000000000000000000000000000000062020000000000000          0000000000000000000000000000000000000000000000000010000035
700000000000000001202500017727X1449863                         1449863002048730410000001   03500000000000 1806040311                              000000000000000080023701360000903110000180000000000000000000000000000000000000000000000000000000000000000000000000000800000000000000000000000000000000000000000000000000062020000000000000          0000000000000000000000000000000000000000000000000010000036
700000000000000001202500017727X1449863                         1449863002071310310000001   03500000000000 1806040311                              000000000000000080023725680000903110000180000000000000000000000000000000000000000000000000000000000000000000000000000800000000000000000000000000000000000000000000000000062020000000000000          0000000000000000000000000000000000000000000000000010000037
700000000000000001202500017727X1449863                         1449863002259310310000001   03500000000000 1806040311                              000000000000000080034178000000903110000180000000000000000000000000000000000000000000000000000000000000000000000000000800000000000000000000000000000000000000000000000000062020000000000000          0000000000000000000000000000000000000000000000000010000038
700000000000000001202500017727X1449863                         1449863002269610310000001   03500000000000 1806040311                              000000000000000080034107590000903110000180000000000000000000000000000000000000000000000000000000000000000000000000000800000000000000000000000000000000000000000000000000062020000000000000          0000000000000000000000000000000000000000000000000010000039
700000000000000001202500017727X1449863                         1449863002269810310000001   03500000000000 1806040311                              000000000000000080034129370000903110000180000000000000000000000000000000000000000000000000000000000000000000000000000800000000000000000000000000000000000000000000000000062020000000000000          0000000000000000000000000000000000000000000000000010000040
700000000000000001202500017727X1449863                         1449863002274310310000001   03500000000000 1806040311                              000000000000000080034129770000903110000180000000000000000000000000000000000000000000000000000000000000000000000000000800000000000000000000000000000000000000000000000000062020000000000000          0000000000000000000000000000000000000000000000000010000041
700000000000000001202500017727X1449863                         1449863002341410410000001   03500000000000 1806040311                              000000000000000080039916590000903110000180000000000000000000000000000000000000000000000000000000000000000000000000000800000000000000000000000000000000000000000000000000062020000000000000          0000000000000000000000000000000000000000000000000010000042
700000000000000001202500017727X1449863                         1449863002423310310000001   03500000000000 1806040311                              000000000000000080023709100000903110000180000000000000000000000000000000000000000000000000000000000000000000000000000800000000000000000000000000000000000000000000000000062020000000000000          0000000000000000000000000000000000000000000000000010000043
700000000000000001202500017727X1449863                         1449863002469710310000001   03500000000000 1806040311                              000000000000000080010416520000903110000180000000000000000000000000000000000000000000000000000000000000000000000000000800000000000000000000000000000000000000000000000000062020000000000000          0000000000000000000000000000000000000000000000000010000044
700000000000000001202500017727X1449863                         1449863002506610310000001   03500000000000 1806040311                              000000000000000080039911670000903110000180000000000000000000000000000000000000000000000000000000000000000000000000000800000000000000000000000000000000000000000000000000062020000000000000          0000000000000000000000000000000000000000000000000010000045
700000000000000001202500017727X1449863                         1449863002506610410000001   03500000000000 1806040311                              000000000000000080039911670000903110000180000000000000000000000000000000000000000000000000000000000000000000000000000800000000000000000000000000000000000000000000000000062020000000000000          0000000000000000000000000000000000000000000000000010000046
700000000000000001202500017727X1449863                         1449863002562110310000001   03500000000000 1806040311                              000000000000000080023712390000903110000180000000000000000000000000000000000000000000000000000000000000000000000000000800000000000000000000000000000000000000000000000000062020000000000000          0000000000000000000000000000000000000000000000000010000047
700000000000000001202500017727X1449863                         1449863002605410310000001   03500000000000 1806040311                              000000000000000080034101510000903110000180000000000000000000000000000000000000000000000000000000000000000000000000000800000000000000000000000000000000000000000000000000062020000000000000          0000000000000000000000000000000000000000000000000010000048
700000000000000001202500017727X1449863                         1449863002661610310000001   03500000000000 1806040311                              000000000000000080003346350000903110000180000000000000000000000000000000000000000000000000000000000000000000000000000800000000000000000000000000000000000000000000000000062020000000000000          0000000000000000000000000000000000000000000000000010000049
700000000000000001202500017727X1449863                         1449863002673530310000001   03500000000000 1806040311                              000000000000000080010440550000903110000180000000000000000000000000000000000000000000000000000000000000000000000000000800000000000000000000000000000000000000000000000000062020000000000000          0000000000000000000000000000000000000000000000000010000050
700000000000000001202500017727X1449863                         1449863002673530410000001   03500000000000 1806040311                              000000000000000080010440550000903110000180000000000000000000000000000000000000000000000000000000000000000000000000000800000000000000000000000000000000000000000000000000062020000000000000          0000000000000000000000000000000000000000000000000010000051
700000000000000001202500017727X1449863                         1449863002701910310000001   03500000000000 1806040311                              000000000000000080023730900000903110000180000000000000000000000000000000000000000000000000000000000000000000000000000800000000000000000000000000000000000000000000000000062020000000000000          0000000000000000000000000000000000000000000000000010000052
700000000000000001202500017727X1449863                         1449863002768010410000001   03500000000000 1806040311                              000000000000000080034184980000903110000180000000000000000000000000000000000000000000000000000000000000000000000000000800000000000000000000000000000000000000000000000000062020000000000000          0000000000000000000000000000000000000000000000000010000053
700000000000000001202500017727X1449863                         1449863002768010510000001   03500000000000 1806040311                              000000000000000080034184980000903110000180000000000000000000000000000000000000000000000000000000000000000000000000000800000000000000000000000000000000000000000000000000062020000000000000          0000000000000000000000000000000000000000000000000010000054
700000000000000001202500017727X1449863                         1449863002768010610000001   03500000000000 1806040311                              000000000000000080034184980000903110000180000000000000000000000000000000000000000000000000000000000000000000000000000800000000000000000000000000000000000000000000000000062020000000000000          0000000000000000000000000000000000000000000000000010000055
700000000000000001202500017727X1449863                         1449863002768010710000001   03500000000000 1806040311                              000000000000000080034184980000903110000180000000000000000000000000000000000000000000000000000000000000000000000000000800000000000000000000000000000000000000000000000000062020000000000000          0000000000000000000000000000000000000000000000000010000056
700000000000000001202500017727X1449863                         1449863002768010810000001   03500000000000 1806040311                              000000000000000080034184980000903110000180000000000000000000000000000000000000000000000000000000000000000000000000000800000000000000000000000000000000000000000000000000062020000000000000          0000000000000000000000000000000000000000000000000010000057
700000000000000001202500017727X1449863                         1449863002799321010000001   03500000000000 1806040311                              000000000000000080010440100000903110000180000000000000000000000000000000000000000000000000000000000000000000000000000800000000000000000000000000000000000000000000000000062020000000000000          0000000000000000000000000000000000000000000000000010000058
700000000000000001202500017727X1449863                         1449863002799321110000001   03500000000000 1806040311                              000000000000000080010440100000903110000180000000000000000000000000000000000000000000000000000000000000000000000000000800000000000000000000000000000000000000000000000000062020000000000000          0000000000000000000000000000000000000000000000000010000059
700000000000000001202500017727X1449863                         1449863002799321210000001   03500000000000 1806040311                              000000000000000080010440100000903110000180000000000000000000000000000000000000000000000000000000000000000000000000000800000000000000000000000000000000000000000000000000062020000000000000          0000000000000000000000000000000000000000000000000010000060
700000000000000001202500017727X1449863                         1449863002923110310000001   03500000000000 1806040311                              000000000000000080034187510000903110000180000000000000000000000000000000000000000000000000000000000000000000000000000800000000000000000000000000000000000000000000000000062020000000000000          0000000000000000000000000000000000000000000000000010000061
700000000000000001202500017727X1449863                         1449863002929010310000001   03500000000000 1806040311                              000000000000000080034100100000903110000180000000000000000000000000000000000000000000000000000000000000000000000000000800000000000000000000000000000000000000000000000000062020000000000000          0000000000000000000000000000000000000000000000000010000062
700000000000000001202500017727X1449863                         1449863002929010410000001   03500000000000 1806040311                              000000000000000080034100100000903110000180000000000000000000000000000000000000000000000000000000000000000000000000000800000000000000000000000000000000000000000000000000062020000000000000          0000000000000000000000000000000000000000000000000010000063
700000000000000001202500017727X1449863                         1449863002929010510000001   03500000000000 1806040311                              000000000000000080034100100000903110000180000000000000000000000000000000000000000000000000000000000000000000000000000800000000000000000000000000000000000000000000000000062020000000000000          0000000000000000000000000000000000000000000000000010000064
700000000000000001202500017727X1449863                         1449863002929010610000001   03500000000000 1806040311                              000000000000000080034100100000903110000180000000000000000000000000000000000000000000000000000000000000000000000000000800000000000000000000000000000000000000000000000000062020000000000000          0000000000000000000000000000000000000000000000000010000065
700000000000000001202500017727X1449863                         1449863002929010710000001   03500000000000 1806040311                              000000000000000080034100100000903110000180000000000000000000000000000000000000000000000000000000000000000000000000000800000000000000000000000000000000000000000000000000062020000000000000          0000000000000000000000000000000000000000000000000010000066
700000000000000001202500017727X1449863                         1449863002936010310000001   03500000000000 1806040311                              000000000000000080003347770000903110000180000000000000000000000000000000000000000000000000000000000000000000000000000800000000000000000000000000000000000000000000000000062020000000000000          0000000000000000000000000000000000000000000000000010000067
700000000000000001202500017727X1449863                         1449863002937010310000001   03500000000000 1806040311                              000000000000000080034107590000903110000180000000000000000000000000000000000000000000000000000000000000000000000000000800000000000000000000000000000000000000000000000000062020000000000000          0000000000000000000000000000000000000000000000000010000068
700000000000000001202500017727X1449863                         1449863002997210310000001   03500000000000 1806040311                              000000000000000080034165130000903110000180000000000000000000000000000000000000000000000000000000000000000000000000000800000000000000000000000000000000000000000000000000062020000000000000          0000000000000000000000000000000000000000000000000010000069
700000000000000001202500017727X1449863                         1449863003067410310000001   03500000000000 1806040311                              000000000000000080034178000000903110000180000000000000000000000000000000000000000000000000000000000000000000000000000800000000000000000000000000000000000000000000000000062020000000000000          0000000000000000000000000000000000000000000000000010000070
700000000000000001202500017727X1449863                         1449863003068410310000001   03500000000000 1806040311                              000000000000000080034178000000903110000180000000000000000000000000000000000000000000000000000000000000000000000000000800000000000000000000000000000000000000000000000000062020000000000000          0000000000000000000000000000000000000000000000000010000071
700000000000000001202500017727X1449863                         1449863003096610310000001   03500000000000 1806040311                              000000000000000080034166440000903110000180000000000000000000000000000000000000000000000000000000000000000000000000000800000000000000000000000000000000000000000000000000062020000000000000          0000000000000000000000000000000000000000000000000010000072
700000000000000001202500017727X1449863                         1449863003126630310000001   03500000000000 1806040311                              000000000000000080023728840000903110000180000000000000000000000000000000000000000000000000000000000000000000000000000800000000000000000000000000000000000000000000000000062020000000000000          0000000000000000000000000000000000000000000000000010000073
700000000000000001202500017727X1449863                         1449863003126630410000001   03500000000000 1806040311                              000000000000000080023728840000903110000180000000000000000000000000000000000000000000000000000000000000000000000000000800000000000000000000000000000000000000000000000000062020000000000000          0000000000000000000000000000000000000000000000000010000074
700000000000000001202500017727X1449863                         1449863003151810410000001   03500000000000 1806040311                              000000000000000080010402370000903110000180000000000000000000000000000000000000000000000000000000000000000000000000000800000000000000000000000000000000000000000000000000062020000000000000          0000000000000000000000000000000000000000000000000010000075
700000000000000001202500017727X1449863                         1449863003151810510000001   03500000000000 1806040311                              000000000000000080010402370000903110000180000000000000000000000000000000000000000000000000000000000000000000000000000800000000000000000000000000000000000000000000000000062020000000000000          0000000000000000000000000000000000000000000000000010000076
700000000000000001202500017727X1449863                         1449863003163620310000001   03500000000000 1806040311                              000000000000000080034189550000903110000180000000000000000000000000000000000000000000000000000000000000000000000000000800000000000000000000000000000000000000000000000000062020000000000000          0000000000000000000000000000000000000000000000000010000077
700000000000000001202500017727X1449863                         1449863003192710310000001   03500000000000 1806040311                              000000000000000080003334090000903110000180000000000000000000000000000000000000000000000000000000000000000000000000000800000000000000000000000000000000000000000000000000062020000000000000          0000000000000000000000000000000000000000000000000010000078
700000000000000001202500017727X1449863                         1449863003194910310000001   03500000000000 1806040311                              000000000000000080034102510000903110000180000000000000000000000000000000000000000000000000000000000000000000000000000800000000000000000000000000000000000000000000000000062020000000000000          0000000000000000000000000000000000000000000000000010000079
700000000000000001202500017727X1449863                         1449863003256110310000001   03500000000000 1806040311                              000000000000000080023728460000903110000180000000000000000000000000000000000000000000000000000000000000000000000000000800000000000000000000000000000000000000000000000000062020000000000000          0000000000000000000000000000000000000000000000000010000080
700000000000000001202500017727X1449863                         1449863003305510310000001   03500000000000 1806040311                              000000000000000080034108450000903110000180000000000000000000000000000000000000000000000000000000000000000000000000000800000000000000000000000000000000000000000000000000062020000000000000          0000000000000000000000000000000000000000000000000010000081
700000000000000001202500017727X1449863                         1449863003305510410000001   03500000000000 1806040311                              000000000000000080034108450000903110000180000000000000000000000000000000000000000000000000000000000000000000000000000800000000000000000000000000000000000000000000000000062020000000000000          0000000000000000000000000000000000000000000000000010000082
700000000000000001202500017727X1449863                         1449863003464310310000001   03500000000000 1806040311                              000000000000000080003333720000903110000180000000000000000000000000000000000000000000000000000000000000000000000000000800000000000000000000000000000000000000000000000000062020000000000000          0000000000000000000000000000000000000000000000000010000083
700000000000000001202500017727X1449863                         1449863003464830310000001   03500000000000 1806040311                              000000000000000080023729790000903110000180000000000000000000000000000000000000000000000000000000000000000000000000000800000000000000000000000000000000000000000000000000062020000000000000          0000000000000000000000000000000000000000000000000010000084
700000000000000001202500017727X1449863                         1449863003486810410000001   03500000000000 1806040311                              000000000000000080003337060000903110000180000000000000000000000000000000000000000000000000000000000000000000000000000800000000000000000000000000000000000000000000000000062020000000000000          0000000000000000000000000000000000000000000000000010000085
700000000000000001202500017727X1449863                         1449863003486810510000001   03500000000000 1806040311                              000000000000000080003337060000903110000180000000000000000000000000000000000000000000000000000000000000000000000000000800000000000000000000000000000000000000000000000000062020000000000000          0000000000000000000000000000000000000000000000000010000086
700000000000000001202500017727X1449863                         1449863003486810610000001   03500000000000 1806040311                              000000000000000080003337060000903110000180000000000000000000000000000000000000000000000000000000000000000000000000000800000000000000000000000000000000000000000000000000062020000000000000          0000000000000000000000000000000000000000000000000010000087
700000000000000001202500017727X1449863                         1449863003487730310000001   03500000000000 1806040311                              000000000000000080010402680000903110000180000000000000000000000000000000000000000000000000000000000000000000000000000800000000000000000000000000000000000000000000000000062020000000000000          0000000000000000000000000000000000000000000000000010000088
700000000000000001202500017727X1449863                         1449863003561820310000001   03500000000000 1806040311                              000000000000000080034100660000903110000180000000000000000000000000000000000000000000000000000000000000000000000000000800000000000000000000000000000000000000000000000000062020000000000000          0000000000000000000000000000000000000000000000000010000089
700000000000000001202500017727X1449863                         1449863003628910310000001   03500000000000 1806040311                              000000000000000080034171960000903110000180000000000000000000000000000000000000000000000000000000000000000000000000000800000000000000000000000000000000000000000000000000062020000000000000          0000000000000000000000000000000000000000000000000010000090
700000000000000001202500017727X1449863                         1449863003652810310000001   03500000000000 1806040311                              000000000000000080034101880000903110000180000000000000000000000000000000000000000000000000000000000000000000000000000800000000000000000000000000000000000000000000000000062020000000000000          0000000000000000000000000000000000000000000000000010000091
700000000000000001202500017727X1449863                         1449863003676710510000001   03500000000000 1806040311                              000000000000000080034178000000903110000180000000000000000000000000000000000000000000000000000000000000000000000000000800000000000000000000000000000000000000000000000000062020000000000000          0000000000000000000000000000000000000000000000000010000092
700000000000000001202500017727X1449863                         1449863003676710610000001   03500000000000 1806040311                              000000000000000080034178000000903110000180000000000000000000000000000000000000000000000000000000000000000000000000000800000000000000000000000000000000000000000000000000062020000000000000          0000000000000000000000000000000000000000000000000010000093
700000000000000001202500017727X1449863                         1449863003689610410000001   03500000000000 1806040311                              000000000000000080010402670000903110000180000000000000000000000000000000000000000000000000000000000000000000000000000800000000000000000000000000000000000000000000000000062020000000000000          0000000000000000000000000000000000000000000000000010000094
700000000000000001202500017727X1449863                         1449863003689610510000001   03500000000000 1806040311                              000000000000000080010402670000903110000180000000000000000000000000000000000000000000000000000000000000000000000000000800000000000000000000000000000000000000000000000000062020000000000000          0000000000000000000000000000000000000000000000000010000095
700000000000000001202500017727X1449863                         1449863003689610610000001   03500000000000 1806040311                              000000000000000080010402670000903110000180000000000000000000000000000000000000000000000000000000000000000000000000000800000000000000000000000000000000000000000000000000062020000000000000          0000000000000000000000000000000000000000000000000010000096
700000000000000001202500017727X1449863                         1449863003760810310000001   03500000000000 1806040311                              000000000000000080003347690000903110000180000000000000000000000000000000000000000000000000000000000000000000000000000800000000000000000000000000000000000000000000000000062020000000000000          0000000000000000000000000000000000000000000000000010000097
700000000000000001202500017727X1449863                         1449863003785730310000001   03500000000000 1806040311                              000000000000000080010402680000903110000180000000000000000000000000000000000000000000000000000000000000000000000000000800000000000000000000000000000000000000000000000000062020000000000000          0000000000000000000000000000000000000000000000000010000098
700000000000000001202500017727X1449863                         1449863003883110310000001   03500000000000 1806040311                              000000000000000080034101850000903110000180000000000000000000000000000000000000000000000000000000000000000000000000000800000000000000000000000000000000000000000000000000062020000000000000          0000000000000000000000000000000000000000000000000010000099
700000000000000001202500017727X1449863                         1449863003902620310000001   03500000000000 1806040311                              000000000000000080000118171000903110000225000000000000000000000000000000000000000000000000000000000000000000000000000800000000000000000000000000000000000000000000000000057520000000000000          0000000000000000000000000000000000000000000000000008000100
700000000000000001202500017727X1449863                         1449863003945410310000001   03500000000000 1806040311                              000000000000000080034103470000903110000180000000000000000000000000000000000000000000000000000000000000000000000000000800000000000000000000000000000000000000000000000000062020000000000000          0000000000000000000000000000000000000000000000000010000101
700000000000000001202500017727X1449863                         1449863004018610310000001   03500000000000 1806040311                              000000000000000080034116180000903110000180000000000000000000000000000000000000000000000000000000000000000000000000000800000000000000000000000000000000000000000000000000062020000000000000          0000000000000000000000000000000000000000000000000010000102
700000000000000001202500017727X1449863                         1449863004018610410000001   03500000000000 1806040311                              000000000000000080034116180000903110000180000000000000000000000000000000000000000000000000000000000000000000000000000800000000000000000000000000000000000000000000000000062020000000000000          0000000000000000000000000000000000000000000000000010000103
700000000000000001202500017727X1449863                         1449863004100110310000001   03500000000000 1806040311                              000000000000000080074500740000903110000180000000000000000000000000000000000000000000000000000000000000000000000000000800000000000000000000000000000000000000000000000000062020000000000000          0000000000000000000000000000000000000000000000000010000104
700000000000000001202500017727X1449863                         1449863004100110410000001   03500000000000 1806040311                              000000000000000080074500740000903110000180000000000000000000000000000000000000000000000000000000000000000000000000000800000000000000000000000000000000000000000000000000062020000000000000          0000000000000000000000000000000000000000000000000010000105
700000000000000001202500017727X1449863                         1449863004100110510000001   03500000000000 1806040311                              000000000000000080074500740000903110000180000000000000000000000000000000000000000000000000000000000000000000000000000800000000000000000000000000000000000000000000000000062020000000000000          0000000000000000000000000000000000000000000000000010000106
700000000000000001202500017727X1449863                         1449863004107210310000001   03500000000000 1806040311                              000000000000000080034174820000903110000180000000000000000000000000000000000000000000000000000000000000000000000000000800000000000000000000000000000000000000000000000000062020000000000000          0000000000000000000000000000000000000000000000000010000107
700000000000000001202500017727X1449863                         1449863004117210310000001   03500000000000 1806040311                              000000000000000080023701980000903110000180000000000000000000000000000000000000000000000000000000000000000000000000000800000000000000000000000000000000000000000000000000062020000000000000          0000000000000000000000000000000000000000000000000010000108
700000000000000001202500017727X1449863                         1449863004118710310000001   03500000000000 1806040311                              000000000000000080034179100000903110000180000000000000000000000000000000000000000000000000000000000000000000000000000800000000000000000000000000000000000000000000000000062020000000000000          0000000000000000000000000000000000000000000000000010000109
700000000000000001202500017727X1449863                         1449863004156930310000001   03500000000000 1806040311                              000000000000000080034163070000903110000180000000000000000000000000000000000000000000000000000000000000000000000000000800000000000000000000000000000000000000000000000000062020000000000000          0000000000000000000000000000000000000000000000000010000110
700000000000000001202500017727X1449863                         1449863004156930410000001   03500000000000 1806040311                              000000000000000080034163070000903110000180000000000000000000000000000000000000000000000000000000000000000000000000000800000000000000000000000000000000000000000000000000062020000000000000          0000000000000000000000000000000000000000000000000010000111
700000000000000001202500017727X1449863                         1449863004205210310000001   03500000000000 1806040311                              000000000000000080034101520000903110000180000000000000000000000000000000000000000000000000000000000000000000000000000800000000000000000000000000000000000000000000000000062020000000000000          0000000000000000000000000000000000000000000000000010000112
700000000000000001202500017727X1449863                         1449863004257810310000001   03500000000000 1806040311                              000000000000000080023735040000903110000180000000000000000000000000000000000000000000000000000000000000000000000000000800000000000000000000000000000000000000000000000000062020000000000000          0000000000000000000000000000000000000000000000000010000113
700000000000000001202500017727X1449863                         1449863004257810410000001   03500000000000 1806040311                              000000000000000080023735040000903110000180000000000000000000000000000000000000000000000000000000000000000000000000000800000000000000000000000000000000000000000000000000062020000000000000          0000000000000000000000000000000000000000000000000010000114
700000000000000001202500017727X1449863                         1449863004257810510000001   03500000000000 1806040311                              000000000000000080023735040000903110000180000000000000000000000000000000000000000000000000000000000000000000000000000800000000000000000000000000000000000000000000000000062020000000000000          0000000000000000000000000000000000000000000000000010000115
700000000000000001202500017727X1449863                         1449863004284320310000001   03500000000000 1806040311                              000000000000000080003333730000903110000180000000000000000000000000000000000000000000000000000000000000000000000000000800000000000000000000000000000000000000000000000000062020000000000000          0000000000000000000000000000000000000000000000000010000116
700000000000000001202500017727X1449863                         1449863004284320410000001   03500000000000 1806040311                              000000000000000080003333730000903110000180000000000000000000000000000000000000000000000000000000000000000000000000000800000000000000000000000000000000000000000000000000062020000000000000          0000000000000000000000000000000000000000000000000010000117
700000000000000001202500017727X1449863                         1449863004284320510000001   03500000000000 1806040311                              000000000000000080003333730000903110000180000000000000000000000000000000000000000000000000000000000000000000000000000800000000000000000000000000000000000000000000000000062020000000000000          0000000000000000000000000000000000000000000000000010000118
700000000000000001202500017727X1449863                         1449863004284320610000001   03500000000000 1806040311                              000000000000000080003333730000903110000180000000000000000000000000000000000000000000000000000000000000000000000000000800000000000000000000000000000000000000000000000000062020000000000000          0000000000000000000000000000000000000000000000000010000119
700000000000000001202500017727X1449863                         1449863004284320710000001   03500000000000 1806040311                              000000000000000080003333730000903110000180000000000000000000000000000000000000000000000000000000000000000000000000000800000000000000000000000000000000000000000000000000062020000000000000          0000000000000000000000000000000000000000000000000010000120
700000000000000001202500017727X1449863                         1449863004284320810000001   03500000000000 1806040311                              000000000000000080003333730000903110000180000000000000000000000000000000000000000000000000000000000000000000000000000800000000000000000000000000000000000000000000000000062020000000000000          0000000000000000000000000000000000000000000000000010000121
700000000000000001202500017727X1449863                         1449863004284320910000001   03500000000000 1806040311                              000000000000000080003333730000903110000180000000000000000000000000000000000000000000000000000000000000000000000000000800000000000000000000000000000000000000000000000000062020000000000000          0000000000000000000000000000000000000000000000000010000122
700000000000000001202500017727X1449863                         1449863004284321010000001   03500000000000 1806040311                              000000000000000080003333730000903110000180000000000000000000000000000000000000000000000000000000000000000000000000000800000000000000000000000000000000000000000000000000062020000000000000          0000000000000000000000000000000000000000000000000010000123
700000000000000001202500017727X1449863                         1449863004284321110000001   03500000000000 1806040311                              000000000000000080003333730000903110000180000000000000000000000000000000000000000000000000000000000000000000000000000800000000000000000000000000000000000000000000000000062020000000000000          0000000000000000000000000000000000000000000000000010000124
700000000000000001202500017727X1449863                         1449863004284321210000001   03500000000000 1806040311                              000000000000000080003333730000903110000180000000000000000000000000000000000000000000000000000000000000000000000000000800000000000000000000000000000000000000000000000000062020000000000000          0000000000000000000000000000000000000000000000000010000125
700000000000000001202500017727X1449863                         1449863004316210310000001   03500000000000 1806040311                              000000000000000080034111920000903110000180000000000000000000000000000000000000000000000000000000000000000000000000000800000000000000000000000000000000000000000000000000062020000000000000          0000000000000000000000000000000000000000000000000010000126
700000000000000001202500017727X1449863                         1449863004329010310000001   03500000000000 1806040311                              000000000000000080023708950000903110000180000000000000000000000000000000000000000000000000000000000000000000000000000800000000000000000000000000000000000000000000000000062020000000000000          0000000000000000000000000000000000000000000000000010000127
700000000000000001202500017727X1449863                         1449863004329010410000001   03500000000000 1806040311                              000000000000000080023708950000903110000180000000000000000000000000000000000000000000000000000000000000000000000000000800000000000000000000000000000000000000000000000000062020000000000000          0000000000000000000000000000000000000000000000000010000128
700000000000000001202500017727X1449863                         1449863004368810310000001   03500000000000 1806040311                              000000000000000080003330560000903110000180000000000000000000000000000000000000000000000000000000000000000000000000000800000000000000000000000000000000000000000000000000062020000000000000          0000000000000000000000000000000000000000000000000010000129
700000000000000001202500017727X1449863                         1449863004384110310000001   03500000000000 1806040311                              000000000000000080003335630000903110000180000000000000000000000000000000000000000000000000000000000000000000000000000800000000000000000000000000000000000000000000000000062020000000000000          0000000000000000000000000000000000000000000000000010000130
700000000000000001202500017727X1449863                         1449863004420210410000001   03500000000000 1806040311                              000000000000000080034100370000903110000180000000000000000000000000000000000000000000000000000000000000000000000000000800000000000000000000000000000000000000000000000000062020000000000000          0000000000000000000000000000000000000000000000000010000131
700000000000000001202500017727X1449863                         1449863004430310310000001   03500000000000 1806040311                              000000000000000080003301450000903110000180000000000000000000000000000000000000000000000000000000000000000000000000000800000000000000000000000000000000000000000000000000062020000000000000          0000000000000000000000000000000000000000000000000010000132
700000000000000001202500017727X1449863                         1449863004525630310000001   03500000000000 1806040311                              000000000000000080023727920000903110000180000000000000000000000000000000000000000000000000000000000000000000000000000800000000000000000000000000000000000000000000000000062020000000000000          0000000000000000000000000000000000000000000000000010000133
700000000000000001202500017727X1449863                         1449863004597010310000001   03500000000000 1806040311                              000000000000000080034168760000903110000180000000000000000000000000000000000000000000000000000000000000000000000000000800000000000000000000000000000000000000000000000000062020000000000000          0000000000000000000000000000000000000000000000000010000134
700000000000000001202500017727X1449863                         1449863004597730310000001   03500000000000 1806040311                              000000000000000080034100100000903110000180000000000000000000000000000000000000000000000000000000000000000000000000000800000000000000000000000000000000000000000000000000062020000000000000          0000000000000000000000000000000000000000000000000010000135
700000000000000001202500017727X1449863                         1449863004613030310000001   03500000000000 1806040311                              000000000000000080010402680000903110000180000000000000000000000000000000000000000000000000000000000000000000000000000800000000000000000000000000000000000000000000000000062020000000000000          0000000000000000000000000000000000000000000000000010000136
700000000000000001202500017727X1449863                         1449863004638910310000001   03500000000000 1806040311                              000000000000000080034116670000903110000180000000000000000000000000000000000000000000000000000000000000000000000000000800000000000000000000000000000000000000000000000000062020000000000000          0000000000000000000000000000000000000000000000000010000137
700000000000000001202500017727X1449863                         1449863004655230310000001   03500000000000 1806040311                              000000000000000080023732960000903110000180000000000000000000000000000000000000000000000000000000000000000000000000000800000000000000000000000000000000000000000000000000062020000000000000          0000000000000000000000000000000000000000000000000010000138
700000000000000001202500017727X1449863                         1449863004656310310000001   03500000000000 1806040311                              000000000000000080034177790000903110000180000000000000000000000000000000000000000000000000000000000000000000000000000800000000000000000000000000000000000000000000000000062020000000000000          0000000000000000000000000000000000000000000000000010000139
700000000000000001202500017727X1449863                         1449863004667810310000001   03500000000000 1806040311                              000000000000000080023720870000903110000180000000000000000000000000000000000000000000000000000000000000000000000000000800000000000000000000000000000000000000000000000000062020000000000000          0000000000000000000000000000000000000000000000000010000140
700000000000000001202500017727X1449863                         1449863004743120110000001   03500000000000 1806040311                              000000000000000080000142153000903110000180000000000000000000000000000000000000000000000000000000000000000000000000000866000000000006600000000000000000000000000000000000068620000000000000          0000000000000000000000000000000000000000000000000007000141
700000000000000001202500017727X1449863                         1449863004743120210000001   03500000000000 1806040311                              000000000000000080000142153000903110000180000000000000000000000000000000000000000000000000000000000000000000000000000800000000000000000000000000000000000000000000000000062020000000000000          0000000000000000000000000000000000000000000000000007000142
700000000000000001202500017727X1449863                         1449863004798620310000001   03500000000000 1806040311                              000000000000000080003339860000903110000180000000000000000000000000000000000000000000000000000000000000000000000000000800000000000000000000000000000000000000000000000000062020000000000000          0000000000000000000000000000000000000000000000000010000143
700000000000000001202500017727X1449863                         1449863004798620410000001   03500000000000 1806040311                              000000000000000080003339860000903110000180000000000000000000000000000000000000000000000000000000000000000000000000000800000000000000000000000000000000000000000000000000062020000000000000          0000000000000000000000000000000000000000000000000010000144
700000000000000001202500017727X1449863                         1449863004799330310000001   03500000000000 1806040311                              000000000000000080034188860000903110000180000000000000000000000000000000000000000000000000000000000000000000000000000800000000000000000000000000000000000000000000000000062020000000000000          0000000000000000000000000000000000000000000000000010000145
700000000000000001202500017727X1449863                         1449863004799330410000001   03500000000000 1806040311                              000000000000000080034188860000903110000180000000000000000000000000000000000000000000000000000000000000000000000000000800000000000000000000000000000000000000000000000000062020000000000000          0000000000000000000000000000000000000000000000000010000146
700000000000000001202500017727X1449863                         1449863004799330510000001   03500000000000 1806040311                              000000000000000080034188860000903110000180000000000000000000000000000000000000000000000000000000000000000000000000000800000000000000000000000000000000000000000000000000062020000000000000          0000000000000000000000000000000000000000000000000010000147
700000000000000001202500017727X1449863                         1449863004805030310000001   03500000000000 1806040311                              000000000000000080034188860000903110000180000000000000000000000000000000000000000000000000000000000000000000000000000800000000000000000000000000000000000000000000000000062020000000000000          0000000000000000000000000000000000000000000000000010000148
700000000000000001202500017727X1449863                         1449863004805030410000001   03500000000000 1806040311                              000000000000000080034188860000903110000180000000000000000000000000000000000000000000000000000000000000000000000000000800000000000000000000000000000000000000000000000000062020000000000000          0000000000000000000000000000000000000000000000000010000149
700000000000000001202500017727X1449863                         1449863004805030510000001   03500000000000 1806040311                              000000000000000080034188860000903110000180000000000000000000000000000000000000000000000000000000000000000000000000000800000000000000000000000000000000000000000000000000062020000000000000          0000000000000000000000000000000000000000000000000010000150
700000000000000001202500017727X1449863                         1449863004805030610000001   03500000000000 1806040311                              000000000000000080034188860000903110000180000000000000000000000000000000000000000000000000000000000000000000000000000800000000000000000000000000000000000000000000000000062020000000000000          0000000000000000000000000000000000000000000000000010000151
700000000000000001202500017727X1449863                         1449863004805410310000001   03500000000000 1806040311                              000000000000000080034100690000903110000180000000000000000000000000000000000000000000000000000000000000000000000000000800000000000000000000000000000000000000000000000000062020000000000000          0000000000000000000000000000000000000000000000000010000152
700000000000000001202500017727X1449863                         1449863004805410410000001   03500000000000 1806040311                              000000000000000080034100690000903110000180000000000000000000000000000000000000000000000000000000000000000000000000000800000000000000000000000000000000000000000000000000062020000000000000          0000000000000000000000000000000000000000000000000010000153
9201001          000000000000000000000000000000          000000000000000000000000000000          000000000000000000000000000000          000000000000000000000000000000                                                  000000000000000000000000000000                                                                                                                                                   000154
