02RETORNO01COBRANCA       1202500017727X284723SIND EMP DE EDIF SP ZEL PORT C001BANCO DO BRASIL2403110001889                      000001889201093102                                                                                                                                                                                                                                                       000001
100000000000000001202500017727X28472321      0000000000342725500000000000010000001   027000000 0000000000 1806240311          00000000000010000001000000000000005180034104280002503110000180000000000000000000000000000000000000000000000000000000000000000000000000051800000000000000000000000000000000000000000000000005162020000000000000          0000000000000000000000000000000000000000000000000010000002
100000000000000001202500017727X28472321      0000000000342725600000000000010000001   027000000 0000000000 1806240311          00000000000010000001000000000000005180034104280002503110000180000000000000000000000000000000000000000000000000000000000000000000000000051800000000000000000000000000000000000000000000000005162020000000000000          0000000000000000000000000000000000000000000000000010000003
100000000000000001202500017727X28472321      0000000000426002400000000000010000001   027000000 0000000000 1806240311          00000000000010000001000000000000000810903338530002503110000180000000000000000000000000000000000000000000000000000000000000000000000000008109000000000000000000000000000000000000000000000000792920000000000000          0000000000000000000000000000000000000000000000000010000004
100000000000000001202500017727X28472321      0000000000426025800000000000010000001   027000000 0000000000 1806240311          00000000000010000001000000000000000290603301540002503110000180000000000000000000000000000000000000000000000000000000000000000000000000002906000000000000000000000000000000000000000000000000272620000000000000          0000000000000000000000000000000000000000000000000010000005
100000000000000001202500017727X28472321      0000000000426030300000000000010000001   027000000 0000000000 1806240311          00000000000010000001000000000000000077403301560002503110000180000000000000000000000000000000000000000000000000000000000000000000000000000774000000000000000000000000000000000000000000000000059420000000000000          0000000000000000000000000000000000000000000000000010000006
100000000000000001202500017727X28472321      0000000000426038000000000000010000001   027000000 0000000000 1806240311          00000000000010000001000000000000000813723711910002503110000180000000000000000000000000000000000000000000000000000000000000000000000000008137000000000000000000000000000000000000000000000000795720000000000000          0000000000000000000000000000000000000000000000000010000007
100000000000000001202500017727X28472321      0000000000426083800000000000010000001   027000000 0000000000 1806240311          00000000000010000001000000000000000088500115377002503110000180000000000000000000000000000000000000000000000000000000000000000000000000000973000000000008800000000000000000000000000000000000079320000000000000          0000000000000000000000000000000000000000000000000004000008
100000000000000001202500017727X28472321      0000000000426111500000000000010000001   027000000 0000000000 1806240311          00000000000010000001000000000000000274034102520002503110000180000000000000000000000000000000000000000000000000000000000000000000000000002740000000000000000000000000000000000000000000000000256020000000000000          0000000000000000000000000000000000000000000000000010000009
100000000000000001202500017727X28472321      0000000000426116800000000000010000001   027000000 0000000000 1806240311          00000000000010000001000000000000000837134100810002503110000180000000000000000000000000000000000000000000000000000000000000000000000000008371000000000000000000000000000000000000000000000000819120000000000000          0000000000000000000000000000000000000000000000000010000010
100000000000000001202500017727X28472321      0000000000426264700000000000010000001   027000000 0000000000 1806240311          00000000000010000001000000000000001743934187290002503110000180000000000000000000000000000000000000000000000000000000000000000000000000017439000000000000000000000000000000000000000000000001725920000000000000          0000000000000000000000000000000000000000000000000010000011
100000000000000001202500017727X28472321      0000000000426268900000000000010000001   027000000 0000000000 1806240311          00000000000010000001000000000000000193003301540002503110000180000000000000000000000000000000000000000000000000000000000000000000000000001930000000000000000000000000000000000000000000000000175020000000000000          0000000000000000000000000000000000000000000000000010000012
100000000000000001202500017727X28472321      0000000000426336900000000000010000001   027000000 0000000000 1806240311          00000000000010000001000000000000000166439904060002503110000180000000000000000000000000000000000000000000000000000000000000000000000000001664000000000000000000000000000000000000000000000000148420000000000000          0000000000000000000000000000000000000000000000000010000013
100000000000000001202500017727X28472321      0000000000426337600000000000010000001   027000000 0000000000 1806240311          00000000000010000001000000000000000322234107750002503110000180000000000000000000000000000000000000000000000000000000000000000000000000003222000000000000000000000000000000000000000000000000304220000000000000          0000000000000000000000000000000000000000000000000010000014
100000000000000001202500017727X28472321      0000000000426450800000000000010000001   027000000 0000000000 1806240311          00000000000010000001000000000000001065539904060002503110000180000000000000000000000000000000000000000000000000000000000000000000000000010655000000000000000000000000000000000000000000000001047520000000000000          0000000000000000000000000000000000000000000000000010000015
100000000000000001202500017727X28472321      0000000000426668600000000000010000001   027000000 0000000000 1806240311          00000000000010000001000000000000000503634107610002503110000180000000000000000000000000000000000000000000000000000000000000000000000000005036000000000000000000000000000000000000000000000000485620000000000000          0000000000000000000000000000000000000000000000000010000016
100000000000000001202500017727X28472321      0000000000426708200000000000010000001   027000000 0000000000 1806240311          00000000000010000001000000000000000244034101390002503110000180000000000000000000000000000000000000000000000000000000000000000000000000002440000000000000000000000000000000000000000000000000226020000000000000          0000000000000000000000000000000000000000000000000010000017
100000000000000001202500017727X28472321      0000000000426732600000000000010000001   027000000 0000000000 1806240311          00000000000010000001000000000000001217234129690002503110000180000000000000000000000000000000000000000000000000000000000000000000000000012172000000000000000000000000000000000000000000000001199220000000000000          0000000000000000000000000000000000000000000000000010000018
100000000000000001202500017727X28472321      0000000000426732800000000000010000001   027000000 0000000000 1806240311          00000000000010000001000000000000000548534166460002503110000180000000000000000000000000000000000000000000000000000000000000000000000000005485000000000000000000000000000000000000000000000000530520000000000000          0000000000000000000000000000000000000000000000000010000019
100000000000000001202500017727X28472321      0000000000426888900000000000010000001   027000000 0000000000 1806240311          00000000000010000001000000000000000516700135726002503110000225000000000000000000000000000000000000000000000000000000000000000000000000005167000000000000000000000000000000000000000000000000494220000000000000          0000000000000000000000000000000000000000000000000008000020
100000000000000001202500017727X28472321      0000000000427005500000000000010000001   027000000 0000000000 1806240311          00000000000010000001000000000000000471434100470002503110000180000000000000000000000000000000000000000000000000000000000000000000000000004714000000000000000000000000000000000000000000000000453420000000000000          0000000000000000000000000000000000000000000000000010000021
100000000000000001202500017727X28472321      0000000000427009900000000000010000001   027000000 0000000000 1806240311          00000000000010000001000000000000000546000157177002503110000225000000000000000000000000000000000000000000000000000000000000000000000000006006000000000054600000000000000000000000000000000000578120000000000000          0000000000000000000000000000000000000000000000000008000022
100000000000000001202500017727X28472321      0000000000427229000000000000010000001   027000000 0000000000 1806240311          00000000000010000001000000000000000704534101760002503110000180000000000000000000000000000000000000000000000000000000000000000000000000007045000000000000000000000000000000000000000000000000686520000000000000          0000000000000000000000000000000000000000000000000010000023
100000000000000001202500017727X28472321      0000000000427332500000000000010000001   027000000 0000000000 1806240311          00000000000010000001000000000000000315134101870002503110000180000000000000000000000000000000000000000000000000000000000000000000000000003151000000000000000000000000000000000000000000000000297120000000000000          0000000000000000000000000000000000000000000000000010000024
100000000000000001202500017727X28472321      0000000000427392000000000000010000001   027000000 0000000000 1806240311          00000000000010000001000000000000000080834104450002503110000180000000000000000000000000000000000000000000000000000000000000000000000000000808000000000000000000000000000000000000000000000000062820000000000000          0000000000000000000000000000000000000000000000000010000025
100000000000000001202500017727X28472321      0000000000427502000000000000010000001   027000000 0000000000 1806240311          00000000000010000001000000000000000214803347650002503110000180000000000000000000000000000000000000000000000000000000000000000000000000002148000000000000000000000000000000000000000000000000196820000000000000          0000000000000000000000000000000000000000000000000010000026
100000000000000001202500017727X28472321      0000000000427606800000000000010000004   027000000 0000000000 1806240311          00000000000010000004000000000000001055300130392002503110000225000000000000000000000000000000000000000000000000000000000000000000000000010553000000000000000000000000000000000000000000000001032820000000000000          0000000000000000000000000000000000000000000000000008000027
100000000000000001202500017727X28472321      0000000000427750700000000000010000001   027000000 0000000000 1806240311          00000000000010000001000000000000000642903303880002503110000180000000000000000000000000000000000000000000000000000000000000000000000000006429000000000000000000000000000000000000000000000000624920000000000000          0000000000000000000000000000000000000000000000000010000028
100000000000000001202500017727X28472321      0000000000428331600000000000010000001   027000000 0000000000 1806240311          00000000000010000001000000000000015190034101670002503110000180000000000000000000000000000000000000000000000000000000000000000000000000151900000000000000000000000000000000000000000000000015172020000000000000          0000000000000000000000000000000000000000000000000010000029
9201001          000000000000000000000000000000          000000000000000000000000000000          000000000000000000000000000000          000000000000000000000000000000                                                  000000000000000000000000000000                                                                                                                                                   000030
