02RETORNO01COBRANCA       1202500017727X284723SIND EMP DE EDIF SP ZEL PORT C001BANCO DO BRASIL2102110001868                      000001868201093102                                                                                                                                                                                                                                                       000001
100000000000000001202500017727X284723                         28472320454710000001   027000000 0000000000 1806210211          28472320454710000001000000000000000777200157177002202110000225000000000000000000000000000000000000000000000000000000000000000000000000007772000000000000000000000000000000000000000000000000754720000000000000          0000000000000000000000000000000000000000000000000008000002
100000000000000001202500017727X284723                         28472323596510000001   027000000 0000000000 1806210211          28472323596510000001000000000000000184034100020002202110000180000000000000000000000000000000000000000000000000000000000000000000000000001840000000000000000000000000000000000000000000000000166020000000000000          0000000000000000000000000000000000000000000000000010000003
9201001          000000000000000000000000000000          000000000000000000000000000000          000000000000000000000000000000          000000000000000000000000000000                                                  000000000000000000000000000000                                                                                                                                                   000004
