02RETORNO01COBRANCA       1202500017727X284723SIND EMP DE EDIF SP ZEL PORT C001BANCO DO BRASIL1803110001885                      000001885201093102                                                                                                                                                                                                                                                       000001
100000000000000001202500017727X28472321      0000000000382627200000000000010000001   027000000 0000000000 1806180311          00000000000010000001000000000000001563534103470002103110000180000000000000000000000000000000000000000000000000000000000000000000000000015635000000000000000000000000000000000000000000000001545520000000000000          0000000000000000000000000000000000000000000000000010000002
100000000000000001202500017727X28472321      0000000000426009300000000000010000001   027000000 0000000000 1806180311          00000000000010000001000000000000000309634100200002103110000180000000000000000000000000000000000000000000000000000000000000000000000000003096000000000000000000000000000000000000000000000000291620000000000000          0000000000000000000000000000000000000000000000000010000003
100000000000000001202500017727X28472321      0000000000426131500000000000010000001   027000000 0000000000 1806180311          00000000000010000001000000000000002274603347420002103110000180000000000000000000000000000000000000000000000000000000000000000000000000022746000000000000000000000000000000000000000000000002256620000000000000          0000000000000000000000000000000000000000000000000010000004
100000000000000001202500017727X28472321      0000000000426156600000000000010000001   027000000 0000000000 1806180311          00000000000010000001000000000000000151634130360002103110000180000000000000000000000000000000000000000000000000000000000000000000000000001516000000000000000000000000000000000000000000000000133620000000000000          0000000000000000000000000000000000000000000000000010000005
100000000000000001202500017727X28472321      0000000000426185200000000000010000001   027000000 0000000000 1806180311          00000000000010000001000000000000001337623722640002103110000180000000000000000000000000000000000000000000000000000000000000000000000000013376000000000000000000000000000000000000000000000001319620000000000000          0000000000000000000000000000000000000000000000000010000006
100000000000000001202500017727X28472321      0000000000426223100000000000010000001   027000000 0000000000 1806180311          00000000000010000001000000000000000260203339910002103110000180000000000000000000000000000000000000000000000000000000000000000000000000002602000000000000000000000000000000000000000000000000242220000000000000          0000000000000000000000000000000000000000000000000010000007
100000000000000001202500017727X28472321      0000000000426297000000000000010000001   027000000 0000000000 1806180311          00000000000010000001000000000000000135600157177002103110000225000000000000000000000000000000000000000000000000000000000000000000000000001491000000000013500000000000000000000000000000000000126620000000000000          0000000000000000000000000000000000000000000000000008000008
100000000000000001202500017727X28472321      0000000000426308600000000000010000001   027000000 0000000000 1806180311          00000000000010000001000000000000000101010402710002103110000180000000000000000000000000000000000000000000000000000000000000000000000000001010000000000000000000000000000000000000000000000000083020000000000000          0000000000000000000000000000000000000000000000000010000009
100000000000000001202500017727X28472321      0000000000426363400000000000010000001   027000000 0000000000 1806180311          00000000000010000001000000000000000080810402710002103110000180000000000000000000000000000000000000000000000000000000000000000000000000000808000000000000000000000000000000000000000000000000062820000000000000          0000000000000000000000000000000000000000000000000010000010
100000000000000001202500017727X28472321      0000000000426379200000000000010000001   027000000 0000000000 1806180311          00000000000010000001000000000000001640534108450002103110000180000000000000000000000000000000000000000000000000000000000000000000000000016405000000000000000000000000000000000000000000000001622520000000000000          0000000000000000000000000000000000000000000000000010000011
100000000000000001202500017727X28472321      0000000000426397400000000000010000001   027000000 0000000000 1806180311          00000000000010000001000000000000001177903334060002103110000180000000000000000000000000000000000000000000000000000000000000000000000000011779000000000000000000000000000000000000000000000001159920000000000000          0000000000000000000000000000000000000000000000000010000012
100000000000000001202500017727X28472321      0000000000426412300000000000010000001   027000000 0000000000 1806180311          00000000000010000001000000000000000480403334060002103110000180000000000000000000000000000000000000000000000000000000000000000000000000004804000000000000000000000000000000000000000000000000462420000000000000          0000000000000000000000000000000000000000000000000010000013
100000000000000001202500017727X28472321      0000000000426415300000000000010000001   027000000 0000000000 1806180311          00000000000010000001000000000000000237310402710002103110000180000000000000000000000000000000000000000000000000000000000000000000000000002373000000000000000000000000000000000000000000000000219320000000000000          0000000000000000000000000000000000000000000000000010000014
100000000000000001202500017727X28472321      0000000000426435900000000000010000001   027000000 0000000000 1806180311          00000000000010000001000000000000000073510402710002103110000180000000000000000000000000000000000000000000000000000000000000000000000000000735000000000000000000000000000000000000000000000000055520000000000000          0000000000000000000000000000000000000000000000000010000015
100000000000000001202500017727X28472321      0000000000426436000000000000010000001   027000000 0000000000 1806180311          00000000000010000001000000000000000147403321730002103110000180000000000000000000000000000000000000000000000000000000000000000000000000001474000000000000000000000000000000000000000000000000129420000000000000          0000000000000000000000000000000000000000000000000010000016
100000000000000001202500017727X28472321      0000000000426558700000000000010000001   027000000 0000000000 1806180311          00000000000010000001000000000000000862903334060002103110000180000000000000000000000000000000000000000000000000000000000000000000000000008629000000000000000000000000000000000000000000000000844920000000000000          0000000000000000000000000000000000000000000000000010000017
100000000000000001202500017727X28472321      0000000000426641100000000000010000001   027000000 0000000000 1806180311          00000000000010000001000000000000000989934101610002103110000180000000000000000000000000000000000000000000000000000000000000000000000000009899000000000000000000000000000000000000000000000000971920000000000000          0000000000000000000000000000000000000000000000000010000018
100000000000000001202500017727X28472321      0000000000426651300000000000010000001   027000000 0000000000 1806180311          00000000000010000001000000000000000389034103540002103110000180000000000000000000000000000000000000000000000000000000000000000000000000003890000000000000000000000000000000000000000000000000371020000000000000          0000000000000000000000000000000000000000000000000010000019
100000000000000001202500017727X28472321      0000000000426662200000000000010000001   027000000 0000000000 1806180311          00000000000010000001000000000000000080810402710002103110000180000000000000000000000000000000000000000000000000000000000000000000000000000808000000000000000000000000000000000000000000000000062820000000000000          0000000000000000000000000000000000000000000000000010000020
100000000000000001202500017727X28472321      0000000000426680700000000000010000001   027000000 0000000000 1806180311          00000000000010000001000000000000000050400103859002103110000180000000000000000000000000000000000000000000000000000000000000000000000000000504000000000000000000000000000000000000000000000000032420000000000000          0000000000000000000000000000000000000000000000000004000021
100000000000000001202500017727X28472321      0000000000426701100000000000010000001   027000000 0000000000 1806180311          00000000000010000001000000000000000235834176460002103110000180000000000000000000000000000000000000000000000000000000000000000000000000002358000000000000000000000000000000000000000000000000217820000000000000          0000000000000000000000000000000000000000000000000010000022
100000000000000001202500017727X28472321      0000000000426704100000000000010000001   027000000 0000000000 1806180311          00000000000010000001000000000000000262723705590002103110000180000000000000000000000000000000000000000000000000000000000000000000000000002627000000000000000000000000000000000000000000000000244720000000000000          0000000000000000000000000000000000000000000000000010000023
100000000000000001202500017727X28472321      0000000000426789100000000000010000001   027000000 0000000000 1806180311          00000000000010000001000000000000000620603347930002103110000180000000000000000000000000000000000000000000000000000000000000000000000000006206000000000000000000000000000000000000000000000000602620000000000000          0000000000000000000000000000000000000000000000000010000024
100000000000000001202500017727X28472321      0000000000426800600000000000010000001   027000000 0000000000 1806180311          00000000000010000001000000000000000719200123302002103110000225000000000000000000000000000000000000000000000000000000000000000000000000007192000000000000000000000000000000000000000000000000696720000000000000          0000000000000000000000000000000000000000000000000008000025
100000000000000001202500017727X28472321      0000000000426814900000000000010000001   027000000 0000000000 1806180311          00000000000010000001000000000000000100634101920002103110000180000000000000000000000000000000000000000000000000000000000000000000000000001006000000000000000000000000000000000000000000000000082620000000000000          0000000000000000000000000000000000000000000000000010000026
100000000000000001202500017727X28472321      0000000000426846900000000000010000001   027000000 0000000000 1806180311          00000000000010000001000000000000000169900148666002103110000225000000000000000000000000000000000000000000000000000000000000000000000000001699000000000000000000000000000000000000000000000000147420000000000000          0000000000000000000000000000000000000000000000000008000027
100000000000000001202500017727X28472321      0000000000426847500000000000010000001   027000000 0000000000 1806180311          00000000000010000001000000000000000112803333730002103110000180000000000000000000000000000000000000000000000000000000000000000000000000001128000000000000000000000000000000000000000000000000094820000000000000          0000000000000000000000000000000000000000000000000010000028
100000000000000001202500017727X28472321      0000000000426864700000000000010000001   027000000 0000000000 1806180311          00000000000010000001000000000000002344134103540002103110000180000000000000000000000000000000000000000000000000000000000000000000000000023441000000000000000000000000000000000000000000000002326120000000000000          0000000000000000000000000000000000000000000000000010000029
100000000000000001202500017727X28472321      0000000000426882700000000000010000001   027000000 0000000000 1806180311          00000000000010000001000000000000000312634103470002103110000180000000000000000000000000000000000000000000000000000000000000000000000000003126000000000000000000000000000000000000000000000000294620000000000000          0000000000000000000000000000000000000000000000000010000030
100000000000000001202500017727X28472321      0000000000426950000000000000010000001   027000000 0000000000 1806180311          00000000000010000001000000000000000323600148666002103110000225000000000000000000000000000000000000000000000000000000000000000000000000003236000000000000000000000000000000000000000000000000301120000000000000          0000000000000000000000000000000000000000000000000008000031
100000000000000001202500017727X28472321      0000000000426992900000000000010000001   027000000 0000000000 1806180311          00000000000010000001000000000000000628734108450002103110000180000000000000000000000000000000000000000000000000000000000000000000000000006287000000000000000000000000000000000000000000000000610720000000000000          0000000000000000000000000000000000000000000000000010000032
100000000000000001202500017727X28472321      0000000000427000300000000000010000001   027000000 0000000000 1806180311          00000000000010000001000000000000000080810402710002103110000180000000000000000000000000000000000000000000000000000000000000000000000000000808000000000000000000000000000000000000000000000000062820000000000000          0000000000000000000000000000000000000000000000000010000033
100000000000000001202500017727X28472321      0000000000427000500000000000010000001   027000000 0000000000 1806180311          00000000000010000001000000000000000954034164360002103110000180000000000000000000000000000000000000000000000000000000000000000000000000009540000000000000000000000000000000000000000000000000936020000000000000          0000000000000000000000000000000000000000000000000010000034
100000000000000001202500017727X28472321      0000000000427097900000000000010000001   027000000 0000000000 1806180311          00000000000010000001000000000000000104123701300002103110000180000000000000000000000000000000000000000000000000000000000000000000000000001041000000000000000000000000000000000000000000000000086120000000000000          0000000000000000000000000000000000000000000000000010000035
100000000000000001202500017727X28472321      0000000000427098300000000000010000001   027000000 0000000000 1806180311          00000000000010000001000000000000000101400148666002103110000225000000000000000000000000000000000000000000000000000000000000000000000000001014000000000000000000000000000000000000000000000000078920000000000000          0000000000000000000000000000000000000000000000000008000036
100000000000000001202500017727X28472321      0000000000427163600000000000010000001   027000000 0000000000 1806180311          00000000000010000001000000000000000906603320570002103110000180000000000000000000000000000000000000000000000000000000000000000000000000009066000000000000000000000000000000000000000000000000888620000000000000          0000000000000000000000000000000000000000000000000010000037
100000000000000001202500017727X28472321      0000000000427232600000000000010000001   027000000 0000000000 1806180311          00000000000010000001000000000000000108023726530002103110000180000000000000000000000000000000000000000000000000000000000000000000000000001080000000000000000000000000000000000000000000000000090020000000000000          0000000000000000000000000000000000000000000000000010000038
100000000000000001202500017727X28472321      0000000000427244900000000000010000001   027000000 0000000000 1806180311          00000000000010000001000000000000000074003342600002103110000180000000000000000000000000000000000000000000000000000000000000000000000000000740000000000000000000000000000000000000000000000000056020000000000000          0000000000000000000000000000000000000000000000000010000039
100000000000000001202500017727X28472321      0000000000427257700000000000010000001   027000000 0000000000 1806180311          00000000000010000001000000000000001284634100570002103110000180000000000000000000000000000000000000000000000000000000000000000000000000012846000000000000000000000000000000000000000000000001266620000000000000          0000000000000000000000000000000000000000000000000010000040
100000000000000001202500017727X28472321      0000000000427339200000000000010000001   027000000 0000000000 1806180311          00000000000010000001000000000000002242123733910002103110000180000000000000000000000000000000000000000000000000000000000000000000000000022421000000000000000000000000000000000000000000000002224120000000000000          0000000000000000000000000000000000000000000000000010000041
100000000000000001202500017727X28472321      0000000000427339500000000000010000001   027000000 0000000000 1806180311          00000000000010000001000000000000001148834164200002103110000180000000000000000000000000000000000000000000000000000000000000000000000000011488000000000000000000000000000000000000000000000001130820000000000000          0000000000000000000000000000000000000000000000000010000042
100000000000000001202500017727X28472321      0000000000427350500000000000010000001   027000000 0000000000 1806180311          00000000000010000001000000000000000172834103540002103110000180000000000000000000000000000000000000000000000000000000000000000000000000001728000000000000000000000000000000000000000000000000154820000000000000          0000000000000000000000000000000000000000000000000010000043
100000000000000001202500017727X28472321      0000000000427382800000000000010000001   027000000 0000000000 1806180311          00000000000010000001000000000000000137203335630002103110000180000000000000000000000000000000000000000000000000000000000000000000000000001372000000000000000000000000000000000000000000000000119220000000000000          0000000000000000000000000000000000000000000000000010000044
100000000000000001202500017727X28472321      0000000000427444300000000000010000001   027000000 0000000000 1806180311          00000000000010000001000000000000000080810402710002103110000180000000000000000000000000000000000000000000000000000000000000000000000000000808000000000000000000000000000000000000000000000000062820000000000000          0000000000000000000000000000000000000000000000000010000045
100000000000000001202500017727X28472321      0000000000427508700000000000010000001   027000000 0000000000 1806180311          00000000000010000001000000000000000145034108450002103110000180000000000000000000000000000000000000000000000000000000000000000000000000001450000000000000000000000000000000000000000000000000127020000000000000          0000000000000000000000000000000000000000000000000010000046
100000000000000001202500017727X28472321      0000000000427545300000000000010000001   027000000 0000000000 1806180311          00000000000010000001000000000000000073534107600002103110000180000000000000000000000000000000000000000000000000000000000000000000000000000735000000000000000000000000000000000000000000000000055520000000000000          0000000000000000000000000000000000000000000000000010000047
100000000000000001202500017727X28472321      0000000000427546100000000000010000001   027000000 0000000000 1806180311          00000000000010000001000000000000000717934171860002103110000180000000000000000000000000000000000000000000000000000000000000000000000000007179000000000000000000000000000000000000000000000000699920000000000000          0000000000000000000000000000000000000000000000000010000048
100000000000000001202500017727X28472321      0000000000427604000000000000010000001   027000000 0000000000 1806180311          00000000000010000001000000000000000547600117442002103110000225000000000000000000000000000000000000000000000000000000000000000000000000005476000000000000000000000000000000000000000000000000525120000000000000          0000000000000000000000000000000000000000000000000008000049
100000000000000001202500017727X28472321      0000000000427615600000000000010000001   027000000 0000000000 1806180311          00000000000010000001000000000000001048000141351002103110000225000000000000000000000000000000000000000000000000000000000000000000000000011528000000000104800000000000000000000000000000000001130320000000000000          0000000000000000000000000000000000000000000000000008000050
100000000000000001202500017727X28472321      0000000000427624700000000000010000001   027000000 0000000000 1806180311          00000000000010000001000000000000000082634107870002103110000180000000000000000000000000000000000000000000000000000000000000000000000000000826000000000000000000000000000000000000000000000000064620000000000000          0000000000000000000000000000000000000000000000000010000051
100000000000000001202500017727X28472321      0000000000427642100000000000010000001   027000000 0000000000 1806180311          00000000000010000001000000000000000178734100650002103110000180000000000000000000000000000000000000000000000000000000000000000000000000001787000000000000000000000000000000000000000000000000160720000000000000          0000000000000000000000000000000000000000000000000010000052
100000000000000001202500017727X28472321      0000000000427690600000000000010000001   027000000 0000000000 1806180311          00000000000010000001000000000000000610210402710002103110000180000000000000000000000000000000000000000000000000000000000000000000000000006102000000000000000000000000000000000000000000000000592220000000000000          0000000000000000000000000000000000000000000000000010000053
100000000000000001202500017727X28472321      0000000000427706800000000000010000001   027000000 0000000000 1806180311          00000000000010000001000000000000000090810402710002103110000180000000000000000000000000000000000000000000000000000000000000000000000000000908000000000000000000000000000000000000000000000000072820000000000000          0000000000000000000000000000000000000000000000000010000054
100000000000000001202500017727X28472321      0000000000428048200000000000010000001   027000000 0000000000 1806180311          00000000000010000001000000000000000049200127006002103110000225000000000000000000000000000000000000000000000000000000000000000000000000000541000000000004900000000000000000000000000000000000031620000000000000          0000000000000000000000000000000000000000000000000008000055
100000000000000001202500017727X28472321      0000000000428103200000000000010000001   027000000 0000000000 1806180311          00000000000010000001000000000000000085103300100002103110000180000000000000000000000000000000000000000000000000000000000000000000000000000851000000000000000000000000000000000000000000000000067120000000000000          0000000000000000000000000000000000000000000000000010000056
100000000000000001202500017727X28472321      0000000000428304800000000000010000001   027000000 0000000000 1806180311          00000000000010000001000000000000000136434100480002103110000180000000000000000000000000000000000000000000000000000000000000000000000000001364000000000000000000000000000000000000000000000000118420000000000000          0000000000000000000000000000000000000000000000000010000057
100000000000000001202500017727X28472321      0000000000428304900000000000010000001   027000000 0000000000 1806180311          00000000000010000001000000000000000382923709560002103110000180000000000000000000000000000000000000000000000000000000000000000000000000003829000000000000000000000000000000000000000000000000364920000000000000          0000000000000000000000000000000000000000000000000010000058
100000000000000001202500017727X28472321      0000000000428337200000000000010000001   027000000 0000000000 1806180311          00000000000010000001000000000000000150234166460002103110000180000000000000000000000000000000000000000000000000000000000000000000000000001502000000000000000000000000000000000000000000000000132220000000000000          0000000000000000000000000000000000000000000000000010000059
9201001          000000000000000000000000000000          000000000000000000000000000000          000000000000000000000000000000          000000000000000000000000000000                                                  000000000000000000000000000000                                                                                                                                                   000060
