02RETORNO01COBRANCA       1202500017727X000000SIND EMP DE EDIF SP ZEL PORT C001BANCO DO BRASIL2802110000760                      000001485201093102  1449863                                                                                                                                                                                                                                              000001
700000000000000001202500017727X1449863                         1449863000517410210000001   03500000000000 1806280211                              000000000000000080010402540000103110000180000000000000000000000000000000000000000000000000000000000000000000000000000800000000000000000000000000000000000000000000000000062020000000000000          0000000000000000000000000000000000000000000000000010000002
700000000000000001202500017727X1449863                         1449863000517410310000001   03500000000000 1806280211                              000000000000000080010402540000103110000180000000000000000000000000000000000000000000000000000000000000000000000000000800000000000000000000000000000000000000000000000000062020000000000000          0000000000000000000000000000000000000000000000000010000003
700000000000000001202500017727X1449863                         1449863000959810210000001   03500000000000 1806280211                              000000000000000080034103330000103110000180000000000000000000000000000000000000000000000000000000000000000000000000000800000000000000000000000000000000000000000000000000062020000000000000          0000000000000000000000000000000000000000000000000010000004
700000000000000001202500017727X1449863                         1449863001069910210000001   03500000000000 1806280211                              000000000000000080010416530000103110000180000000000000000000000000000000000000000000000000000000000000000000000000000800000000000000000000000000000000000000000000000000062020000000000000          0000000000000000000000000000000000000000000000000010000005
700000000000000001202500017727X1449863                         1449863001074910210000001   03500000000000 1806280211                              000000000000000080010416180000103110000180000000000000000000000000000000000000000000000000000000000000000000000000000800000000000000000000000000000000000000000000000000062020000000000000          0000000000000000000000000000000000000000000000000010000006
700000000000000001202500017727X1449863                         1449863001128910210000001   03500000000000 1806280211                              000000000000000080003320080000103110000180000000000000000000000000000000000000000000000000000000000000000000000000000800000000000000000000000000000000000000000000000000062020000000000000          0000000000000000000000000000000000000000000000000010000007
700000000000000001202500017727X1449863                         1449863001691410210000001   03500000000000 1806280211                              000000000000000080034129610000103110000180000000000000000000000000000000000000000000000000000000000000000000000000000800000000000000000000000000000000000000000000000000062020000000000000          0000000000000000000000000000000000000000000000000010000008
700000000000000001202500017727X1449863                         1449863001784810210000001   03500000000000 1806280211                              000000000000000080023726210000103110000180000000000000000000000000000000000000000000000000000000000000000000000000000800000000000000000000000000000000000000000000000000062020000000000000          0000000000000000000000000000000000000000000000000010000009
700000000000000001202500017727X1449863                         1449863001794610210000001   03500000000000 1806280211                              000000000000000080000129351000103110000225000000000000000000000000000000000000000000000000000000000000000000000000000800000000000000000000000000000000000000000000000000057520000000000000          0000000000000000000000000000000000000000000000000008000010
700000000000000001202500017727X1449863                         1449863001804510210000001   03500000000000 1806280211                              000000000000000080010440710000103110000180000000000000000000000000000000000000000000000000000000000000000000000000000800000000000000000000000000000000000000000000000000062020000000000000          0000000000000000000000000000000000000000000000000010000011
700000000000000001202500017727X1449863                         1449863001967710210000001   03500000000000 1806280211                              000000000000000080010430550000103110000180000000000000000000000000000000000000000000000000000000000000000000000000000800000000000000000000000000000000000000000000000000062020000000000000          0000000000000000000000000000000000000000000000000010000012
700000000000000001202500017727X1449863                         1449863002027120410000001   03500000000000 1806280211                              000000000000000080010441550000103110000180000000000000000000000000000000000000000000000000000000000000000000000000000800000000000000000000000000000000000000000000000000062020000000000000          0000000000000000000000000000000000000000000000000010000013
700000000000000001202500017727X1449863                         1449863002077210210000001   03500000000000 1806280211                              000000000000000080010413490000103110000180000000000000000000000000000000000000000000000000000000000000000000000000000800000000000000000000000000000000000000000000000000062020000000000000          0000000000000000000000000000000000000000000000000010000014
700000000000000001202500017727X1449863                         1449863002106610210000001   03500000000000 1806280211                              000000000000000080034103780000103110000180000000000000000000000000000000000000000000000000000000000000000000000000000800000000000000000000000000000000000000000000000000062020000000000000          0000000000000000000000000000000000000000000000000010000015
700000000000000001202500017727X1449863                         1449863002163310210000001   03500000000000 1806280211                              000000000000000080010402430000103110000180000000000000000000000000000000000000000000000000000000000000000000000000000800000000000000000000000000000000000000000000000000062020000000000000          0000000000000000000000000000000000000000000000000010000016
700000000000000001202500017727X1449863                         1449863002190910210000001   03500000000000 1806280211                              000000000000000080010440100000103110000180000000000000000000000000000000000000000000000000000000000000000000000000000800000000000000000000000000000000000000000000000000062020000000000000          0000000000000000000000000000000000000000000000000010000017
700000000000000001202500017727X1449863                         1449863002212910210000001   03500000000000 1806280211                              000000000000000080034108450000103110000180000000000000000000000000000000000000000000000000000000000000000000000000000800000000000000000000000000000000000000000000000000062020000000000000          0000000000000000000000000000000000000000000000000010000018
700000000000000001202500017727X1449863                         1449863002214210210000001   03500000000000 1806280211                              000000000000000080003302460000103110000180000000000000000000000000000000000000000000000000000000000000000000000000000800000000000000000000000000000000000000000000000000062020000000000000          0000000000000000000000000000000000000000000000000010000019
700000000000000001202500017727X1449863                         1449863002214210310000001   03500000000000 1806280211                              000000000000000080003302460000103110000180000000000000000000000000000000000000000000000000000000000000000000000000000800000000000000000000000000000000000000000000000000062020000000000000          0000000000000000000000000000000000000000000000000010000020
700000000000000001202500017727X1449863                         1449863002249310210000001   03500000000000 1806280211                              000000000000000080000148666000103110000225000000000000000000000000000000000000000000000000000000000000000000000000000800000000000000000000000000000000000000000000000000057520000000000000          0000000000000000000000000000000000000000000000000008000021
700000000000000001202500017727X1449863                         1449863002254810210000001   03500000000000 1806280211                              000000000000000080023706140000103110000180000000000000000000000000000000000000000000000000000000000000000000000000000800000000000000000000000000000000000000000000000000062020000000000000          0000000000000000000000000000000000000000000000000010000022
700000000000000001202500017727X1449863                         1449863002261920210000001   03500000000000 1806280211                              000000000000000080010402510000103110000180000000000000000000000000000000000000000000000000000000000000000000000000000800000000000000000000000000000000000000000000000000062020000000000000          0000000000000000000000000000000000000000000000000010000023
700000000000000001202500017727X1449863                         1449863002302710210000001   03500000000000 1806280211                              000000000000000080023728440000103110000180000000000000000000000000000000000000000000000000000000000000000000000000000800000000000000000000000000000000000000000000000000062020000000000000          0000000000000000000000000000000000000000000000000010000024
700000000000000001202500017727X1449863                         1449863002312310210000001   03500000000000 1806280211                              000000000000000080034116670000103110000180000000000000000000000000000000000000000000000000000000000000000000000000000800000000000000000000000000000000000000000000000000062020000000000000          0000000000000000000000000000000000000000000000000010000025
700000000000000001202500017727X1449863                         1449863002349610210000001   03500000000000 1806280211                              000000000000000080023733490000103110000180000000000000000000000000000000000000000000000000000000000000000000000000000800000000000000000000000000000000000000000000000000062020000000000000          0000000000000000000000000000000000000000000000000010000026
700000000000000001202500017727X1449863                         1449863002360510210000001   03500000000000 1806280211                              000000000000000080023701980000103110000180000000000000000000000000000000000000000000000000000000000000000000000000000800000000000000000000000000000000000000000000000000062020000000000000          0000000000000000000000000000000000000000000000000010000027
700000000000000001202500017727X1449863                         1449863002448310210000001   03500000000000 1806280211                              000000000000000080023727920000103110000180000000000000000000000000000000000000000000000000000000000000000000000000000800000000000000000000000000000000000000000000000000062020000000000000          0000000000000000000000000000000000000000000000000010000028
700000000000000001202500017727X1449863                         1449863002461010310000001   03500000000000 1806280211                              000000000000000080010402680000103110000180000000000000000000000000000000000000000000000000000000000000000000000000000800000000000000000000000000000000000000000000000000062020000000000000          0000000000000000000000000000000000000000000000000010000029
700000000000000001202500017727X1449863                         1449863002594110310000001   03500000000000 1806280211                              000000000000000080003302010000103110000180000000000000000000000000000000000000000000000000000000000000000000000000000800000000000000000000000000000000000000000000000000062020000000000000          0000000000000000000000000000000000000000000000000010000030
700000000000000001202500017727X1449863                         1449863002609220210000001   03500000000000 1806280211                              000000000000000080034186050000103110000180000000000000000000000000000000000000000000000000000000000000000000000000000800000000000000000000000000000000000000000000000000062020000000000000          0000000000000000000000000000000000000000000000000010000031
700000000000000001202500017727X1449863                         1449863002609220310000001   03500000000000 1806280211                              000000000000000080034186050000103110000180000000000000000000000000000000000000000000000000000000000000000000000000000800000000000000000000000000000000000000000000000000062020000000000000          0000000000000000000000000000000000000000000000000010000032
700000000000000001202500017727X1449863                         1449863002616410210000001   03500000000000 1806280211                              000000000000000080010413600000103110000180000000000000000000000000000000000000000000000000000000000000000000000000000800000000000000000000000000000000000000000000000000062020000000000000          0000000000000000000000000000000000000000000000000010000033
700000000000000001202500017727X1449863                         1449863002622510210000001   03500000000000 1806280211                              000000000000000080023700910000103110000180000000000000000000000000000000000000000000000000000000000000000000000000000800000000000000000000000000000000000000000000000000062020000000000000          0000000000000000000000000000000000000000000000000010000034
700000000000000001202500017727X1449863                         1449863002674320210000001   03500000000000 1806280211                              000000000000000080034116640000103110000180000000000000000000000000000000000000000000000000000000000000000000000000000800000000000000000000000000000000000000000000000000062020000000000000          0000000000000000000000000000000000000000000000000010000035
700000000000000001202500017727X1449863                         1449863002710410210000001   03500000000000 1806280211                              000000000000000080000115148000103110000180000000000000000000000000000000000000000000000000000000000000000000000000000800000000000000000000000000000000000000000000000000062020000000000000          0000000000000000000000000000000000000000000000000001000036
700000000000000001202500017727X1449863                         1449863002746110210000001   03500000000000 1806280211                              000000000000000080034105930000103110000180000000000000000000000000000000000000000000000000000000000000000000000000000800000000000000000000000000000000000000000000000000062020000000000000          0000000000000000000000000000000000000000000000000010000037
700000000000000001202500017727X1449863                         1449863002750130210000001   03500000000000 1806280211                              000000000000000080010402490000103110000180000000000000000000000000000000000000000000000000000000000000000000000000000800000000000000000000000000000000000000000000000000062020000000000000          0000000000000000000000000000000000000000000000000010000038
700000000000000001202500017727X1449863                         1449863002763110210000001   03500000000000 1806280211                              000000000000000080010402380000103110000180000000000000000000000000000000000000000000000000000000000000000000000000000800000000000000000000000000000000000000000000000000062020000000000000          0000000000000000000000000000000000000000000000000010000039
700000000000000001202500017727X1449863                         1449863002777510210000001   03500000000000 1806280211                              000000000000000080034116180000103110000180000000000000000000000000000000000000000000000000000000000000000000000000000800000000000000000000000000000000000000000000000000062020000000000000          0000000000000000000000000000000000000000000000000010000040
700000000000000001202500017727X1449863                         1449863002777510310000001   03500000000000 1806280211                              000000000000000080034116180000103110000180000000000000000000000000000000000000000000000000000000000000000000000000000800000000000000000000000000000000000000000000000000062020000000000000          0000000000000000000000000000000000000000000000000010000041
700000000000000001202500017727X1449863                         1449863002777510410000001   03500000000000 1806280211                              000000000000000080034116180000103110000180000000000000000000000000000000000000000000000000000000000000000000000000000800000000000000000000000000000000000000000000000000062020000000000000          0000000000000000000000000000000000000000000000000010000042
700000000000000001202500017727X1449863                         1449863002781010210000001   03500000000000 1806280211                              000000000000000080034129440000103110000180000000000000000000000000000000000000000000000000000000000000000000000000000800000000000000000000000000000000000000000000000000062020000000000000          0000000000000000000000000000000000000000000000000010000043
700000000000000001202500017727X1449863                         1449863002789010210000001   03500000000000 1806280211                              000000000000000080010416790000103110000180000000000000000000000000000000000000000000000000000000000000000000000000000800000000000000000000000000000000000000000000000000062020000000000000          0000000000000000000000000000000000000000000000000010000044
700000000000000001202500017727X1449863                         1449863002849210210000001   03500000000000 1806280211                              000000000000000080010406890000103110000180000000000000000000000000000000000000000000000000000000000000000000000000000800000000000000000000000000000000000000000000000000062020000000000000          0000000000000000000000000000000000000000000000000010000045
700000000000000001202500017727X1449863                         1449863002892010210000001   03500000000000 1806280211                              000000000000000080034100670000103110000180000000000000000000000000000000000000000000000000000000000000000000000000000800000000000000000000000000000000000000000000000000062020000000000000          0000000000000000000000000000000000000000000000000010000046
700000000000000001202500017727X1449863                         1449863002903810210000001   03500000000000 1806280211                              000000000000000080034101960000103110000180000000000000000000000000000000000000000000000000000000000000000000000000000800000000000000000000000000000000000000000000000000062020000000000000          0000000000000000000000000000000000000000000000000010000047
700000000000000001202500017727X1449863                         1449863002905210210000001   03500000000000 1806280211                              000000000000000080034116180000103110000180000000000000000000000000000000000000000000000000000000000000000000000000000800000000000000000000000000000000000000000000000000062020000000000000          0000000000000000000000000000000000000000000000000010000048
700000000000000001202500017727X1449863                         1449863002908810210000001   03500000000000 1806280211                              000000000000000080010402740000103110000180000000000000000000000000000000000000000000000000000000000000000000000000000800000000000000000000000000000000000000000000000000062020000000000000          0000000000000000000000000000000000000000000000000010000049
700000000000000001202500017727X1449863                         1449863002908810310000001   03500000000000 1806280211                              000000000000000080010402740000103110000180000000000000000000000000000000000000000000000000000000000000000000000000000800000000000000000000000000000000000000000000000000062020000000000000          0000000000000000000000000000000000000000000000000010000050
700000000000000001202500017727X1449863                         1449863002919710210000001   03500000000000 1806280211                              000000000000000080000129491000103110000180000000000000000000000000000000000000000000000000000000000000000000000000000800000000000000000000000000000000000000000000000000062020000000000000          0000000000000000000000000000000000000000000000000001000051
700000000000000001202500017727X1449863                         1449863002948610210000001   03500000000000 1806280211                              000000000000000080003335630000103110000180000000000000000000000000000000000000000000000000000000000000000000000000000800000000000000000000000000000000000000000000000000062020000000000000          0000000000000000000000000000000000000000000000000010000052
700000000000000001202500017727X1449863                         1449863002982510210000001   03500000000000 1806280211                              000000000000000080010413700000103110000180000000000000000000000000000000000000000000000000000000000000000000000000000800000000000000000000000000000000000000000000000000062020000000000000          0000000000000000000000000000000000000000000000000010000053
700000000000000001202500017727X1449863                         1449863003011720210000001   03500000000000 1806280211                              000000000000000080023714450000103110000180000000000000000000000000000000000000000000000000000000000000000000000000000800000000000000000000000000000000000000000000000000062020000000000000          0000000000000000000000000000000000000000000000000010000054
700000000000000001202500017727X1449863                         1449863003014010210000001   03500000000000 1806280211                              000000000000000080034104670000103110000180000000000000000000000000000000000000000000000000000000000000000000000000000800000000000000000000000000000000000000000000000000062020000000000000          0000000000000000000000000000000000000000000000000010000055
700000000000000001202500017727X1449863                         1449863003078610210000001   03500000000000 1806280211                              000000000000000080010402730000103110000180000000000000000000000000000000000000000000000000000000000000000000000000000800000000000000000000000000000000000000000000000000062020000000000000          0000000000000000000000000000000000000000000000000010000056
700000000000000001202500017727X1449863                         1449863003087110210000001   03500000000000 1806280211                              000000000000000080034101730000103110000180000000000000000000000000000000000000000000000000000000000000000000000000000800000000000000000000000000000000000000000000000000062020000000000000          0000000000000000000000000000000000000000000000000010000057
700000000000000001202500017727X1449863                         1449863003125310210000001   03500000000000 1806280211                              000000000000000080023725680000103110000180000000000000000000000000000000000000000000000000000000000000000000000000000800000000000000000000000000000000000000000000000000062020000000000000          0000000000000000000000000000000000000000000000000010000058
700000000000000001202500017727X1449863                         1449863003145010210000001   03500000000000 1806280211                              000000000000000080034187580000103110000180000000000000000000000000000000000000000000000000000000000000000000000000000800000000000000000000000000000000000000000000000000062020000000000000          0000000000000000000000000000000000000000000000000010000059
700000000000000001202500017727X1449863                         1449863003156120210000001   03500000000000 1806280211                              000000000000000080010441250000103110000180000000000000000000000000000000000000000000000000000000000000000000000000000800000000000000000000000000000000000000000000000000062020000000000000          0000000000000000000000000000000000000000000000000010000060
700000000000000001202500017727X1449863                         1449863003279810210000001   03500000000000 1806280211                              000000000000000080023724770000103110000180000000000000000000000000000000000000000000000000000000000000000000000000000800000000000000000000000000000000000000000000000000062020000000000000          0000000000000000000000000000000000000000000000000010000061
700000000000000001202500017727X1449863                         1449863003301320210000001   03500000000000 1806280211                              000000000000000080023701340000103110000180000000000000000000000000000000000000000000000000000000000000000000000000000800000000000000000000000000000000000000000000000000062020000000000000          0000000000000000000000000000000000000000000000000010000062
700000000000000001202500017727X1449863                         1449863003304010210000001   03500000000000 1806280211                              000000000000000080010402420000103110000180000000000000000000000000000000000000000000000000000000000000000000000000000800000000000000000000000000000000000000000000000000062020000000000000          0000000000000000000000000000000000000000000000000010000063
700000000000000001202500017727X1449863                         1449863003305410210000001   03500000000000 1806280211                              000000000000000080010402630000103110000180000000000000000000000000000000000000000000000000000000000000000000000000000800000000000000000000000000000000000000000000000000062020000000000000          0000000000000000000000000000000000000000000000000010000064
700000000000000001202500017727X1449863                         1449863003307110210000001   03500000000000 1806280211                              000000000000000080000130112000103110000225000000000000000000000000000000000000000000000000000000000000000000000000000800000000000000000000000000000000000000000000000000057520000000000000          0000000000000000000000000000000000000000000000000008000065
700000000000000001202500017727X1449863                         1449863003443810210000001   03500000000000 1806280211                              000000000000000080034104280000103110000180000000000000000000000000000000000000000000000000000000000000000000000000000800000000000000000000000000000000000000000000000000062020000000000000          0000000000000000000000000000000000000000000000000010000066
700000000000000001202500017727X1449863                         1449863003475410210000001   03500000000000 1806280211                              000000000000000080010416550000103110000180000000000000000000000000000000000000000000000000000000000000000000000000000800000000000000000000000000000000000000000000000000062020000000000000          0000000000000000000000000000000000000000000000000010000067
700000000000000001202500017727X1449863                         1449863003513010210000001   03500000000000 1806280211                              000000000000000080003335660000103110000180000000000000000000000000000000000000000000000000000000000000000000000000000800000000000000000000000000000000000000000000000000062020000000000000          0000000000000000000000000000000000000000000000000010000068
700000000000000001202500017727X1449863                         1449863003550110210000001   03500000000000 1806280211                              000000000000000080023726780000103110000180000000000000000000000000000000000000000000000000000000000000000000000000000800000000000000000000000000000000000000000000000000062020000000000000          0000000000000000000000000000000000000000000000000010000069
700000000000000001202500017727X1449863                         1449863003597110210000001   03500000000000 1806280211                              000000000000000080034100370000103110000180000000000000000000000000000000000000000000000000000000000000000000000000000800000000000000000000000000000000000000000000000000062020000000000000          0000000000000000000000000000000000000000000000000010000070
700000000000000001202500017727X1449863                         1449863003621510210000001   03500000000000 1806280211                              000000000000000080034100670000103110000180000000000000000000000000000000000000000000000000000000000000000000000000000800000000000000000000000000000000000000000000000000062020000000000000          0000000000000000000000000000000000000000000000000010000071
700000000000000001202500017727X1449863                         1449863003709810210000001   03500000000000 1806280211                              000000000000000080034180610000103110000180000000000000000000000000000000000000000000000000000000000000000000000000000800000000000000000000000000000000000000000000000000062020000000000000          0000000000000000000000000000000000000000000000000010000072
700000000000000001202500017727X1449863                         1449863003737210210000001   03500000000000 1806280211                              000000000000000080010402540000103110000180000000000000000000000000000000000000000000000000000000000000000000000000000800000000000000000000000000000000000000000000000000062020000000000000          0000000000000000000000000000000000000000000000000010000073
700000000000000001202500017727X1449863                         1449863003751810210000001   03500000000000 1806280211                              00000000000000008000013567X000103110000180000000000000000000000000000000000000000000000000000000000000000000000000000800000000000000000000000000000000000000000000000000062020000000000000          0000000000000000000000000000000000000000000000000001000074
700000000000000001202500017727X1449863                         1449863003766120210000001   03500000000000 1806280211                              000000000000000080034180880000103110000180000000000000000000000000000000000000000000000000000000000000000000000000000800000000000000000000000000000000000000000000000000062020000000000000          0000000000000000000000000000000000000000000000000010000075
700000000000000001202500017727X1449863                         1449863003816310210000001   03500000000000 1806280211                              000000000000000080034143000000103110000180000000000000000000000000000000000000000000000000000000000000000000000000000800000000000000000000000000000000000000000000000000062020000000000000          0000000000000000000000000000000000000000000000000010000076
700000000000000001202500017727X1449863                         1449863003832320210000001   03500000000000 1806280211                              000000000000000080010416170000103110000180000000000000000000000000000000000000000000000000000000000000000000000000000800000000000000000000000000000000000000000000000000062020000000000000          0000000000000000000000000000000000000000000000000010000077
700000000000000001202500017727X1449863                         1449863003894410210000001   03500000000000 1806280211                              000000000000000080034105930000103110000180000000000000000000000000000000000000000000000000000000000000000000000000000800000000000000000000000000000000000000000000000000062020000000000000          0000000000000000000000000000000000000000000000000010000078
700000000000000001202500017727X1449863                         1449863003902620210000001   03500000000000 1806280211                              000000000000000080023712130000103110000180000000000000000000000000000000000000000000000000000000000000000000000000000800000000000000000000000000000000000000000000000000062020000000000000          0000000000000000000000000000000000000000000000000010000079
700000000000000001202500017727X1449863                         1449863003927810310000001   03500000000000 1806280211                              000000000000000080023724770000103110000180000000000000000000000000000000000000000000000000000000000000000000000000000800000000000000000000000000000000000000000000000000062020000000000000          0000000000000000000000000000000000000000000000000010000080
700000000000000001202500017727X1449863                         1449863003935810210000001   03500000000000 1806280211                              000000000000000080034185770000103110000180000000000000000000000000000000000000000000000000000000000000000000000000000800000000000000000000000000000000000000000000000000062020000000000000          0000000000000000000000000000000000000000000000000010000081
700000000000000001202500017727X1449863                         1449863003977210210000001   03500000000000 1806280211                              000000000000000080010430530000103110000180000000000000000000000000000000000000000000000000000000000000000000000000000800000000000000000000000000000000000000000000000000062020000000000000          0000000000000000000000000000000000000000000000000010000082
700000000000000001202500017727X1449863                         1449863003979410210000001   03500000000000 1806280211                              000000000000000080010413700000103110000180000000000000000000000000000000000000000000000000000000000000000000000000000800000000000000000000000000000000000000000000000000062020000000000000          0000000000000000000000000000000000000000000000000010000083
700000000000000001202500017727X1449863                         1449863003992120310000001   03500000000000 1806280211                              000000000000000080034107580000103110000180000000000000000000000000000000000000000000000000000000000000000000000000000800000000000000000000000000000000000000000000000000062020000000000000          0000000000000000000000000000000000000000000000000010000084
700000000000000001202500017727X1449863                         1449863004037710210000001   03500000000000 1806280211                              000000000000000080010413700000103110000180000000000000000000000000000000000000000000000000000000000000000000000000000800000000000000000000000000000000000000000000000000062020000000000000          0000000000000000000000000000000000000000000000000010000085
700000000000000001202500017727X1449863                         1449863004068610210000001   03500000000000 1806280211                              000000000000000080010410020000103110000180000000000000000000000000000000000000000000000000000000000000000000000000000800000000000000000000000000000000000000000000000000062020000000000000          0000000000000000000000000000000000000000000000000010000086
700000000000000001202500017727X1449863                         1449863004101930210000001   03500000000000 1806280211                              000000000000000080010430190000103110000180000000000000000000000000000000000000000000000000000000000000000000000000000800000000000000000000000000000000000000000000000000062020000000000000          0000000000000000000000000000000000000000000000000010000087
700000000000000001202500017727X1449863                         1449863004113710210000001   03500000000000 1806280211                              000000000000000080034104280000103110000180000000000000000000000000000000000000000000000000000000000000000000000000000800000000000000000000000000000000000000000000000000062020000000000000          0000000000000000000000000000000000000000000000000010000088
700000000000000001202500017727X1449863                         1449863004119210210000001   03500000000000 1806280211                              000000000000000080010410870000103110000180000000000000000000000000000000000000000000000000000000000000000000000000000800000000000000000000000000000000000000000000000000062020000000000000          0000000000000000000000000000000000000000000000000010000089
700000000000000001202500017727X1449863                         1449863004136910210000001   03500000000000 1806280211                              000000000000000080034116850000103110000180000000000000000000000000000000000000000000000000000000000000000000000000000800000000000000000000000000000000000000000000000000062020000000000000          0000000000000000000000000000000000000000000000000010000090
700000000000000001202500017727X1449863                         1449863004143110210000001   03500000000000 1806280211                              000000000000000080034101610000103110000180000000000000000000000000000000000000000000000000000000000000000000000000000800000000000000000000000000000000000000000000000000062020000000000000          0000000000000000000000000000000000000000000000000010000091
700000000000000001202500017727X1449863                         1449863004145410210000001   03500000000000 1806280211                              000000000000000080034115720000103110000180000000000000000000000000000000000000000000000000000000000000000000000000000800000000000000000000000000000000000000000000000000062020000000000000          0000000000000000000000000000000000000000000000000010000092
700000000000000001202500017727X1449863                         1449863004188420210000001   03500000000000 1806280211                              000000000000000080010406120000103110000180000000000000000000000000000000000000000000000000000000000000000000000000000800000000000000000000000000000000000000000000000000062020000000000000          0000000000000000000000000000000000000000000000000010000093
700000000000000001202500017727X1449863                         1449863004192310210000001   03500000000000 1806280211                              000000000000000080034101900000103110000180000000000000000000000000000000000000000000000000000000000000000000000000000800000000000000000000000000000000000000000000000000062020000000000000          0000000000000000000000000000000000000000000000000010000094
700000000000000001202500017727X1449863                         1449863004220810210000001   03500000000000 1806280211                              000000000000000080023726880000103110000180000000000000000000000000000000000000000000000000000000000000000000000000000800000000000000000000000000000000000000000000000000062020000000000000          0000000000000000000000000000000000000000000000000010000095
700000000000000001202500017727X1449863                         1449863004231710210000001   03500000000000 1806280211                              000000000000000080010415720000103110000180000000000000000000000000000000000000000000000000000000000000000000000000000800000000000000000000000000000000000000000000000000062020000000000000          0000000000000000000000000000000000000000000000000010000096
700000000000000001202500017727X1449863                         1449863004267210210000001   03500000000000 1806280211                              000000000000000080034101730000103110000180000000000000000000000000000000000000000000000000000000000000000000000000000800000000000000000000000000000000000000000000000000062020000000000000          0000000000000000000000000000000000000000000000000010000097
700000000000000001202500017727X1449863                         1449863004271010210000001   03500000000000 1806280211                              000000000000000080023700930000103110000180000000000000000000000000000000000000000000000000000000000000000000000000000800000000000000000000000000000000000000000000000000062020000000000000          0000000000000000000000000000000000000000000000000010000098
700000000000000001202500017727X1449863                         1449863004274010210000001   03500000000000 1806280211                              000000000000000080034189860000103110000180000000000000000000000000000000000000000000000000000000000000000000000000000800000000000000000000000000000000000000000000000000062020000000000000          0000000000000000000000000000000000000000000000000010000099
700000000000000001202500017727X1449863                         1449863004275010210000001   03500000000000 1806280211                              000000000000000080010402510000103110000180000000000000000000000000000000000000000000000000000000000000000000000000000800000000000000000000000000000000000000000000000000062020000000000000          0000000000000000000000000000000000000000000000000010000100
700000000000000001202500017727X1449863                         1449863004276510210000001   03500000000000 1806280211                              000000000000000080034115720000103110000180000000000000000000000000000000000000000000000000000000000000000000000000000800000000000000000000000000000000000000000000000000062020000000000000          0000000000000000000000000000000000000000000000000010000101
700000000000000001202500017727X1449863                         1449863004276610210000001   03500000000000 1806280211                              000000000000000080034115720000103110000180000000000000000000000000000000000000000000000000000000000000000000000000000800000000000000000000000000000000000000000000000000062020000000000000          0000000000000000000000000000000000000000000000000010000102
700000000000000001202500017727X1449863                         1449863004276910210000001   03500000000000 1806280211                              000000000000000080034115720000103110000180000000000000000000000000000000000000000000000000000000000000000000000000000800000000000000000000000000000000000000000000000000062020000000000000          0000000000000000000000000000000000000000000000000010000103
700000000000000001202500017727X1449863                         1449863004277010210000001   03500000000000 1806280211                              000000000000000080034115720000103110000180000000000000000000000000000000000000000000000000000000000000000000000000000800000000000000000000000000000000000000000000000000062020000000000000          0000000000000000000000000000000000000000000000000010000104
700000000000000001202500017727X1449863                         1449863004279810210000001   03500000000000 1806280211                              000000000000000080034115720000103110000180000000000000000000000000000000000000000000000000000000000000000000000000000800000000000000000000000000000000000000000000000000062020000000000000          0000000000000000000000000000000000000000000000000010000105
700000000000000001202500017727X1449863                         1449863004306210210000001   03500000000000 1806280211                              000000000000000080034184620000103110000180000000000000000000000000000000000000000000000000000000000000000000000000000800000000000000000000000000000000000000000000000000062020000000000000          0000000000000000000000000000000000000000000000000010000106
700000000000000001202500017727X1449863                         1449863004340220210000001   03500000000000 1806280211                              000000000000000080034101500000103110000180000000000000000000000000000000000000000000000000000000000000000000000000000800000000000000000000000000000000000000000000000000062020000000000000          0000000000000000000000000000000000000000000000000010000107
700000000000000001202500017727X1449863                         1449863004372940310000001   03500000000000 1806280211                              000000000000000080003347920000103110000180000000000000000000000000000000000000000000000000000000000000000000000000000800000000000000000000000000000000000000000000000000062020000000000000          0000000000000000000000000000000000000000000000000010000108
700000000000000001202500017727X1449863                         1449863004379910210000001   03500000000000 1806280211                              000000000000000080003335630000103110000180000000000000000000000000000000000000000000000000000000000000000000000000000800000000000000000000000000000000000000000000000000062020000000000000          0000000000000000000000000000000000000000000000000010000109
700000000000000001202500017727X1449863                         1449863004401610210000001   03500000000000 1806280211                              000000000000000080010412300000103110000180000000000000000000000000000000000000000000000000000000000000000000000000000800000000000000000000000000000000000000000000000000062020000000000000          0000000000000000000000000000000000000000000000000010000110
700000000000000001202500017727X1449863                         1449863004412310210000001   03500000000000 1806280211                              000000000000000080010410860000103110000180000000000000000000000000000000000000000000000000000000000000000000000000000800000000000000000000000000000000000000000000000000062020000000000000          0000000000000000000000000000000000000000000000000010000111
700000000000000001202500017727X1449863                         1449863004431520210000001   03500000000000 1806280211                              000000000000000080000140932000103110000180000000000000000000000000000000000000000000000000000000000000000000000000000800000000000000000000000000000000000000000000000000062020000000000000          0000000000000000000000000000000000000000000000000001000112
700000000000000001202500017727X1449863                         1449863004442110210000001   03500000000000 1806280211                              000000000000000080010413700000103110000180000000000000000000000000000000000000000000000000000000000000000000000000000800000000000000000000000000000000000000000000000000062020000000000000          0000000000000000000000000000000000000000000000000010000113
700000000000000001202500017727X1449863                         1449863004450610210000001   03500000000000 1806280211                              000000000000000080010412300000103110000180000000000000000000000000000000000000000000000000000000000000000000000000000800000000000000000000000000000000000000000000000000062020000000000000          0000000000000000000000000000000000000000000000000010000114
700000000000000001202500017727X1449863                         1449863004450610310000001   03500000000000 1806280211                              000000000000000080010412300000103110000180000000000000000000000000000000000000000000000000000000000000000000000000000800000000000000000000000000000000000000000000000000062020000000000000          0000000000000000000000000000000000000000000000000010000115
700000000000000001202500017727X1449863                         1449863004454410510000001   03500000000000 1806280211                              000000000000000080023705620000103110000180000000000000000000000000000000000000000000000000000000000000000000000000000800000000000000000000000000000000000000000000000000062020000000000000          0000000000000000000000000000000000000000000000000010000116
700000000000000001202500017727X1449863                         1449863004455510210000001   03500000000000 1806280211                              000000000000000080034103830000103110000180000000000000000000000000000000000000000000000000000000000000000000000000000800000000000000000000000000000000000000000000000000062020000000000000          0000000000000000000000000000000000000000000000000010000117
700000000000000001202500017727X1449863                         1449863004456510210000001   03500000000000 1806280211                              000000000000000080034116850000103110000180000000000000000000000000000000000000000000000000000000000000000000000000000800000000000000000000000000000000000000000000000000062020000000000000          0000000000000000000000000000000000000000000000000010000118
700000000000000001202500017727X1449863                         1449863004472410210000001   03500000000000 1806280211                              000000000000000080034167670000103110000180000000000000000000000000000000000000000000000000000000000000000000000000000800000000000000000000000000000000000000000000000000062020000000000000          0000000000000000000000000000000000000000000000000010000119
700000000000000001202500017727X1449863                         1449863004505610210000001   03500000000000 1806280211                              000000000000000080023726880000103110000180000000000000000000000000000000000000000000000000000000000000000000000000000800000000000000000000000000000000000000000000000000062020000000000000          0000000000000000000000000000000000000000000000000010000120
700000000000000001202500017727X1449863                         1449863004508310210000001   03500000000000 1806280211                              000000000000000080010440070000103110000180000000000000000000000000000000000000000000000000000000000000000000000000000800000000000000000000000000000000000000000000000000062020000000000000          0000000000000000000000000000000000000000000000000010000121
700000000000000001202500017727X1449863                         1449863004510210210000001   03500000000000 1806280211                              000000000000000080010402740000103110000180000000000000000000000000000000000000000000000000000000000000000000000000000800000000000000000000000000000000000000000000000000062020000000000000          0000000000000000000000000000000000000000000000000010000122
700000000000000001202500017727X1449863                         1449863004515910210000001   03500000000000 1806280211                              000000000000000080010402670000103110000180000000000000000000000000000000000000000000000000000000000000000000000000000800000000000000000000000000000000000000000000000000062020000000000000          0000000000000000000000000000000000000000000000000010000123
700000000000000001202500017727X1449863                         1449863004517740210000001   03500000000000 1806280211                              000000000000000080010410020000103110000180000000000000000000000000000000000000000000000000000000000000000000000000000800000000000000000000000000000000000000000000000000062020000000000000          0000000000000000000000000000000000000000000000000010000124
700000000000000001202500017727X1449863                         1449863004532110210000001   03500000000000 1806280211                              000000000000000080023700960000103110000180000000000000000000000000000000000000000000000000000000000000000000000000000800000000000000000000000000000000000000000000000000062020000000000000          0000000000000000000000000000000000000000000000000010000125
700000000000000001202500017727X1449863                         1449863004543240210000001   03500000000000 1806280211                              000000000000000080034104670000103110000180000000000000000000000000000000000000000000000000000000000000000000000000000800000000000000000000000000000000000000000000000000062020000000000000          0000000000000000000000000000000000000000000000000010000126
700000000000000001202500017727X1449863                         1449863004546810210000001   03500000000000 1806280211                              000000000000000080010402570000103110000180000000000000000000000000000000000000000000000000000000000000000000000000000800000000000000000000000000000000000000000000000000062020000000000000          0000000000000000000000000000000000000000000000000010000127
700000000000000001202500017727X1449863                         1449863004558110210000001   03500000000000 1806280211                              000000000000000080034178670000103110000180000000000000000000000000000000000000000000000000000000000000000000000000000800000000000000000000000000000000000000000000000000062020000000000000          0000000000000000000000000000000000000000000000000010000128
700000000000000001202500017727X1449863                         1449863004566310210000001   03500000000000 1806280211                              000000000000000080010440720000103110000180000000000000000000000000000000000000000000000000000000000000000000000000000800000000000000000000000000000000000000000000000000062020000000000000          0000000000000000000000000000000000000000000000000010000129
700000000000000001202500017727X1449863                         1449863004575420210000001   03500000000000 1806280211                              000000000000000080034164940000103110000180000000000000000000000000000000000000000000000000000000000000000000000000000800000000000000000000000000000000000000000000000000062020000000000000          0000000000000000000000000000000000000000000000000010000130
700000000000000001202500017727X1449863                         1449863004584710210000001   03500000000000 1806280211                              000000000000000080023701120000103110000180000000000000000000000000000000000000000000000000000000000000000000000000000800000000000000000000000000000000000000000000000000062020000000000000          0000000000000000000000000000000000000000000000000010000131
700000000000000001202500017727X1449863                         1449863004591610210000001   03500000000000 1806280211                              000000000000000080010430560000103110000180000000000000000000000000000000000000000000000000000000000000000000000000000800000000000000000000000000000000000000000000000000062020000000000000          0000000000000000000000000000000000000000000000000010000132
700000000000000001202500017727X1449863                         1449863004600910210000001   03500000000000 1806280211                              000000000000000080010432170000103110000180000000000000000000000000000000000000000000000000000000000000000000000000000800000000000000000000000000000000000000000000000000062020000000000000          0000000000000000000000000000000000000000000000000010000133
700000000000000001202500017727X1449863                         1449863004607340210000001   03500000000000 1806280211                              000000000000000080023713110000103110000180000000000000000000000000000000000000000000000000000000000000000000000000000800000000000000000000000000000000000000000000000000062020000000000000          0000000000000000000000000000000000000000000000000010000134
700000000000000001202500017727X1449863                         1449863004614410210000001   03500000000000 1806280211                              000000000000000080010410050000103110000180000000000000000000000000000000000000000000000000000000000000000000000000000800000000000000000000000000000000000000000000000000062020000000000000          0000000000000000000000000000000000000000000000000010000135
700000000000000001202500017727X1449863                         1449863004614710210000001   03500000000000 1806280211                              000000000000000080023729800000103110000180000000000000000000000000000000000000000000000000000000000000000000000000000800000000000000000000000000000000000000000000000000062020000000000000          0000000000000000000000000000000000000000000000000010000136
700000000000000001202500017727X1449863                         1449863004628920210000001   03500000000000 1806280211                              000000000000000080010429620000103110000180000000000000000000000000000000000000000000000000000000000000000000000000000800000000000000000000000000000000000000000000000000062020000000000000          0000000000000000000000000000000000000000000000000010000137
700000000000000001202500017727X1449863                         1449863004635210210000001   03500000000000 1806280211                              000000000000000080010432440000103110000180000000000000000000000000000000000000000000000000000000000000000000000000000800000000000000000000000000000000000000000000000000062020000000000000          0000000000000000000000000000000000000000000000000010000138
700000000000000001202500017727X1449863                         1449863004643510210000001   03500000000000 1806280211                              000000000000000080010410050000103110000180000000000000000000000000000000000000000000000000000000000000000000000000000800000000000000000000000000000000000000000000000000062020000000000000          0000000000000000000000000000000000000000000000000010000139
700000000000000001202500017727X1449863                         1449863004662710210000001   03500000000000 1806280211                              000000000000000080034115720000103110000180000000000000000000000000000000000000000000000000000000000000000000000000000800000000000000000000000000000000000000000000000000062020000000000000          0000000000000000000000000000000000000000000000000010000140
700000000000000001202500017727X1449863                         1449863004673710210000001   03500000000000 1806280211                              000000000000000080034107340000103110000180000000000000000000000000000000000000000000000000000000000000000000000000000800000000000000000000000000000000000000000000000000062020000000000000          0000000000000000000000000000000000000000000000000010000141
700000000000000001202500017727X1449863                         1449863004690620210000001   03500000000000 1806280211                              000000000000000080010402380000103110000180000000000000000000000000000000000000000000000000000000000000000000000000000800000000000000000000000000000000000000000000000000062020000000000000          0000000000000000000000000000000000000000000000000010000142
700000000000000001202500017727X1449863                         1449863004697740210000001   03500000000000 1806280211                              000000000000000080023705030000103110000180000000000000000000000000000000000000000000000000000000000000000000000000000800000000000000000000000000000000000000000000000000062020000000000000          0000000000000000000000000000000000000000000000000010000143
700000000000000001202500017727X1449863                         1449863004702710210000001   03500000000000 1806280211                              000000000000000080000169825000103110000180000000000000000000000000000000000000000000000000000000000000000000000000000800000000000000000000000000000000000000000000000000062020000000000000          0000000000000000000000000000000000000000000000000002000144
700000000000000001202500017727X1449863                         1449863004710710210000001   03500000000000 1806280211                              000000000000000080034188460000103110000180000000000000000000000000000000000000000000000000000000000000000000000000000800000000000000000000000000000000000000000000000000062020000000000000          0000000000000000000000000000000000000000000000000010000145
700000000000000001202500017727X1449863                         1449863004710810210000001   03500000000000 1806280211                              000000000000000080010413680000103110000180000000000000000000000000000000000000000000000000000000000000000000000000000800000000000000000000000000000000000000000000000000062020000000000000          0000000000000000000000000000000000000000000000000010000146
700000000000000001202500017727X1449863                         1449863004714110210000001   03500000000000 1806280211                              000000000000000080034104540000103110000180000000000000000000000000000000000000000000000000000000000000000000000000000800000000000000000000000000000000000000000000000000062020000000000000          0000000000000000000000000000000000000000000000000010000147
700000000000000001202500017727X1449863                         1449863004717540210000001   03500000000000 1806280211                              000000000000000080010440310000103110000180000000000000000000000000000000000000000000000000000000000000000000000000000800000000000000000000000000000000000000000000000000062020000000000000          0000000000000000000000000000000000000000000000000010000148
700000000000000001202500017727X1449863                         1449863004721810210000001   03500000000000 1806280211                              000000000000000080003302480000103110000180000000000000000000000000000000000000000000000000000000000000000000000000000800000000000000000000000000000000000000000000000000062020000000000000          0000000000000000000000000000000000000000000000000010000149
700000000000000001202500017727X1449863                         1449863004721810310000001   03500000000000 1806280211                              000000000000000080003302480000103110000180000000000000000000000000000000000000000000000000000000000000000000000000000800000000000000000000000000000000000000000000000000062020000000000000          0000000000000000000000000000000000000000000000000010000150
700000000000000001202500017727X1449863                         1449863004727710210000001   03500000000000 1806280211                              000000000000000080023706140000103110000180000000000000000000000000000000000000000000000000000000000000000000000000000800000000000000000000000000000000000000000000000000062020000000000000          0000000000000000000000000000000000000000000000000010000151
700000000000000001202500017727X1449863                         1449863004729910210000001   03500000000000 1806280211                              000000000000000080010421950000103110000180000000000000000000000000000000000000000000000000000000000000000000000000000800000000000000000000000000000000000000000000000000062020000000000000          0000000000000000000000000000000000000000000000000010000152
700000000000000001202500017727X1449863                         1449863004730310210000001   03500000000000 1806280211                              000000000000000080000135483000103110000225000000000000000000000000000000000000000000000000000000000000000000000000000800000000000000000000000000000000000000000000000000057520000000000000          0000000000000000000000000000000000000000000000000008000153
700000000000000001202500017727X1449863                         1449863004733410210000001   03500000000000 1806280211                              000000000000000080010413700000103110000180000000000000000000000000000000000000000000000000000000000000000000000000000800000000000000000000000000000000000000000000000000062020000000000000          0000000000000000000000000000000000000000000000000010000154
700000000000000001202500017727X1449863                         1449863004737910210000001   03500000000000 1806280211                              000000000000000080034101730000103110000180000000000000000000000000000000000000000000000000000000000000000000000000000800000000000000000000000000000000000000000000000000062020000000000000          0000000000000000000000000000000000000000000000000010000155
700000000000000001202500017727X1449863                         1449863004744110210000001   03500000000000 1806280211                              000000000000000080034164360000103110000180000000000000000000000000000000000000000000000000000000000000000000000000000800000000000000000000000000000000000000000000000000062020000000000000          0000000000000000000000000000000000000000000000000010000156
700000000000000001202500017727X1449863                         1449863004749410210000001   03500000000000 1806280211                              000000000000000080034100660000103110000180000000000000000000000000000000000000000000000000000000000000000000000000000800000000000000000000000000000000000000000000000000062020000000000000          0000000000000000000000000000000000000000000000000010000157
700000000000000001202500017727X1449863                         1449863004756710210000001   03500000000000 1806280211                              000000000000000080034110000000103110000180000000000000000000000000000000000000000000000000000000000000000000000000000800000000000000000000000000000000000000000000000000062020000000000000          0000000000000000000000000000000000000000000000000010000158
700000000000000001202500017727X1449863                         1449863004758310210000001   03500000000000 1806280211                              000000000000000080023709100000103110000180000000000000000000000000000000000000000000000000000000000000000000000000000800000000000000000000000000000000000000000000000000062020000000000000          0000000000000000000000000000000000000000000000000010000159
700000000000000001202500017727X1449863                         1449863004758420210000001   03500000000000 1806280211                              000000000000000080010415980000103110000180000000000000000000000000000000000000000000000000000000000000000000000000000800000000000000000000000000000000000000000000000000062020000000000000          0000000000000000000000000000000000000000000000000010000160
700000000000000001202500017727X1449863                         1449863004762420210000001   03500000000000 1806280211                              000000000000000080023730840000103110000180000000000000000000000000000000000000000000000000000000000000000000000000000800000000000000000000000000000000000000000000000000062020000000000000          0000000000000000000000000000000000000000000000000010000161
700000000000000001202500017727X1449863                         1449863004764230210000001   03500000000000 1806280211                              000000000000000080023701280000103110000180000000000000000000000000000000000000000000000000000000000000000000000000000800000000000000000000000000000000000000000000000000062020000000000000          0000000000000000000000000000000000000000000000000010000162
700000000000000001202500017727X1449863                         1449863004766630210000001   03500000000000 1806280211                              000000000000000080010402490000103110000180000000000000000000000000000000000000000000000000000000000000000000000000000800000000000000000000000000000000000000000000000000062020000000000000          0000000000000000000000000000000000000000000000000010000163
700000000000000001202500017727X1449863                         1449863004769110210000001   03500000000000 1806280211                              000000000000000080010432180000103110000180000000000000000000000000000000000000000000000000000000000000000000000000000800000000000000000000000000000000000000000000000000062020000000000000          0000000000000000000000000000000000000000000000000010000164
700000000000000001202500017727X1449863                         1449863004771210210000001   03500000000000 1806280211                              000000000000000080010402350000103110000180000000000000000000000000000000000000000000000000000000000000000000000000000800000000000000000000000000000000000000000000000000062020000000000000          0000000000000000000000000000000000000000000000000010000165
700000000000000001202500017727X1449863                         1449863004772510210000001   03500000000000 1806280211                              000000000000000080034162520000103110000180000000000000000000000000000000000000000000000000000000000000000000000000000800000000000000000000000000000000000000000000000000062020000000000000          0000000000000000000000000000000000000000000000000010000166
700000000000000001202500017727X1449863                         1449863004772830210000001   03500000000000 1806280211                              000000000000000080010440740000103110000180000000000000000000000000000000000000000000000000000000000000000000000000000800000000000000000000000000000000000000000000000000062020000000000000          0000000000000000000000000000000000000000000000000010000167
700000000000000001202500017727X1449863                         1449863004777710210000001   03500000000000 1806280211                              000000000000000080000148666000103110000225000000000000000000000000000000000000000000000000000000000000000000000000000800000000000000000000000000000000000000000000000000057520000000000000          0000000000000000000000000000000000000000000000000008000168
700000000000000001202500017727X1449863                         1449863004780210210000001   03500000000000 1806280211                              000000000000000080010402350000103110000180000000000000000000000000000000000000000000000000000000000000000000000000000800000000000000000000000000000000000000000000000000062020000000000000          0000000000000000000000000000000000000000000000000010000169
700000000000000001202500017727X1449863                         1449863004782040210000001   03500000000000 1806280211                              000000000000000080010410080000103110000180000000000000000000000000000000000000000000000000000000000000000000000000000800000000000000000000000000000000000000000000000000062020000000000000          0000000000000000000000000000000000000000000000000010000170
700000000000000001202500017727X1449863                         1449863004784930210000001   03500000000000 1806280211                              000000000000000080010440740000103110000180000000000000000000000000000000000000000000000000000000000000000000000000000800000000000000000000000000000000000000000000000000062020000000000000          0000000000000000000000000000000000000000000000000010000171
700000000000000001202500017727X1449863                         1449863004796510310000001   03500000000000 1806280211                              000000000000000080034163150000103110000180000000000000000000000000000000000000000000000000000000000000000000000000000800000000000000000000000000000000000000000000000000062020000000000000          0000000000000000000000000000000000000000000000000010000172
700000000000000001202500017727X1449863                         1449863004796510410000001   03500000000000 1806280211                              000000000000000080034163150000103110000180000000000000000000000000000000000000000000000000000000000000000000000000000800000000000000000000000000000000000000000000000000062020000000000000          0000000000000000000000000000000000000000000000000010000173
700000000000000001202500017727X1449863                         1449863004796510510000001   03500000000000 1806280211                              000000000000000080034163150000103110000180000000000000000000000000000000000000000000000000000000000000000000000000000800000000000000000000000000000000000000000000000000062020000000000000          0000000000000000000000000000000000000000000000000010000174
700000000000000001202500017727X1449863                         1449863004798810310000001   03500000000000 1806280211                              000000000000000080034178000000103110000180000000000000000000000000000000000000000000000000000000000000000000000000000800000000000000000000000000000000000000000000000000062020000000000000          0000000000000000000000000000000000000000000000000010000175
9201001          000000000000000000000000000000          000000000000000000000000000000          000000000000000000000000000000          000000000000000000000000000000                                                  000000000000000000000000000000                                                                                                                                                   000176
