02RETORNO01COBRANCA       1202500017727X000000SIND EMP DE EDIF SP ZEL PORT C001BANCO DO BRASIL1703110000771                      000001507201093102  1449863                                                                                                                                                                                                                                              000001
700000000000000001202500017727X1449863                         1449863000764610310000001   03500000000000 1806170311                              000000000000000080010440550001803110000180000000000000000000000000000000000000000000000000000000000000000000000000000800000000000000000000000000000000000000000000000000062020000000000000          0000000000000000000000000000000000000000000000000010000002
700000000000000001202500017727X1449863                         1449863001033910310000001   03500000000000 1806170311                              000000000000000080010411870001803110000180000000000000000000000000000000000000000000000000000000000000000000000000000800000000000000000000000000000000000000000000000000062020000000000000          0000000000000000000000000000000000000000000000000010000003
700000000000000001202500017727X1449863                         1449863001744910410000001   03500000000000 1806170311                              000000000000000080023702780001803110000180000000000000000000000000000000000000000000000000000000000000000000000000000800000000000000000000000000000000000000000000000000062020000000000000          0000000000000000000000000000000000000000000000000010000004
700000000000000001202500017727X1449863                         1449863001744910510000001   03500000000000 1806170311                              000000000000000080023702780001803110000180000000000000000000000000000000000000000000000000000000000000000000000000000800000000000000000000000000000000000000000000000000062020000000000000          0000000000000000000000000000000000000000000000000010000005
700000000000000001202500017727X1449863                         1449863002018320310000001   03500000000000 1806170311                              000000000000000080010412210001803110000180000000000000000000000000000000000000000000000000000000000000000000000000000800000000000000000000000000000000000000000000000000062020000000000000          0000000000000000000000000000000000000000000000000010000006
700000000000000001202500017727X1449863                         1449863002018320410000001   03500000000000 1806170311                              000000000000000080010412210001803110000180000000000000000000000000000000000000000000000000000000000000000000000000000800000000000000000000000000000000000000000000000000062020000000000000          0000000000000000000000000000000000000000000000000010000007
700000000000000001202500017727X1449863                         1449863002101210310000001   03500000000000 1806170311                              000000000000000080034156070001803110000180000000000000000000000000000000000000000000000000000000000000000000000000000800000000000000000000000000000000000000000000000000062020000000000000          0000000000000000000000000000000000000000000000000010000008
700000000000000001202500017727X1449863                         1449863002614610310000001   03500000000000 1806170311                              000000000000000080010406890001803110000180000000000000000000000000000000000000000000000000000000000000000000000000000800000000000000000000000000000000000000000000000000062020000000000000          0000000000000000000000000000000000000000000000000010000009
700000000000000001202500017727X1449863                         1449863002688420310000001   03500000000000 1806170311                              000000000000000080010402540001803110000180000000000000000000000000000000000000000000000000000000000000000000000000000800000000000000000000000000000000000000000000000000062020000000000000          0000000000000000000000000000000000000000000000000010000010
700000000000000001202500017727X1449863                         1449863002736010310000001   03500000000000 1806170311                              000000000000000080023730900001803110000180000000000000000000000000000000000000000000000000000000000000000000000000000800000000000000000000000000000000000000000000000000062020000000000000          0000000000000000000000000000000000000000000000000010000011
700000000000000001202500017727X1449863                         1449863002867520310000001   03500000000000 1806170311                              000000000000000080010441390001803110000180000000000000000000000000000000000000000000000000000000000000000000000000000800000000000000000000000000000000000000000000000000062020000000000000          0000000000000000000000000000000000000000000000000010000012
700000000000000001202500017727X1449863                         1449863002903210310000001   03500000000000 1806170311                              000000000000000080023722210001803110000180000000000000000000000000000000000000000000000000000000000000000000000000000800000000000000000000000000000000000000000000000000062020000000000000          0000000000000000000000000000000000000000000000000010000013
700000000000000001202500017727X1449863                         1449863002917510310000001   03500000000000 1806170311                              000000000000000080023727990001803110000180000000000000000000000000000000000000000000000000000000000000000000000000000800000000000000000000000000000000000000000000000000062020000000000000          0000000000000000000000000000000000000000000000000010000014
700000000000000001202500017727X1449863                         1449863002995810310000001   03500000000000 1806170311                              000000000000000080034179280001803110000180000000000000000000000000000000000000000000000000000000000000000000000000000800000000000000000000000000000000000000000000000000062020000000000000          0000000000000000000000000000000000000000000000000010000015
700000000000000001202500017727X1449863                         1449863003092010310000001   03500000000000 1806170311                              000000000000000080034131700001803110000180000000000000000000000000000000000000000000000000000000000000000000000000000800000000000000000000000000000000000000000000000000062020000000000000          0000000000000000000000000000000000000000000000000010000016
700000000000000001202500017727X1449863                         1449863003218710310000001   03500000000000 1806170311                              000000000000000080023704210001803110000180000000000000000000000000000000000000000000000000000000000000000000000000000800000000000000000000000000000000000000000000000000062020000000000000          0000000000000000000000000000000000000000000000000010000017
700000000000000001202500017727X1449863                         1449863003309410410000001   03500000000000 1806170311                              000000000000000080000157177001803110000225000000000000000000000000000000000000000000000000000000000000000000000000000800000000000000000000000000000000000000000000000000057520000000000000          0000000000000000000000000000000000000000000000000008000018
700000000000000001202500017727X1449863                         1449863003792510310000001   03500000000000 1806170311                              000000000000000080034115720001803110000180000000000000000000000000000000000000000000000000000000000000000000000000000800000000000000000000000000000000000000000000000000062020000000000000          0000000000000000000000000000000000000000000000000010000019
700000000000000001202500017727X1449863                         1449863003824410310000001   03500000000000 1806170311                              000000000000000080034165070001803110000180000000000000000000000000000000000000000000000000000000000000000000000000000800000000000000000000000000000000000000000000000000062020000000000000          0000000000000000000000000000000000000000000000000010000020
700000000000000001202500017727X1449863                         1449863003884310310000001   03500000000000 1806170311                              000000000000000080023701260001803110000180000000000000000000000000000000000000000000000000000000000000000000000000000800000000000000000000000000000000000000000000000000062020000000000000          0000000000000000000000000000000000000000000000000010000021
700000000000000001202500017727X1449863                         1449863004074010310000001   03500000000000 1806170311                              000000000000000080000148666001803110000225000000000000000000000000000000000000000000000000000000000000000000000000000800000000000000000000000000000000000000000000000000057520000000000000          0000000000000000000000000000000000000000000000000008000022
700000000000000001202500017727X1449863                         1449863004194520310000001   03500000000000 1806170311                              000000000000000080023730030001803110000180000000000000000000000000000000000000000000000000000000000000000000000000000800000000000000000000000000000000000000000000000000062020000000000000          0000000000000000000000000000000000000000000000000010000023
700000000000000001202500017727X1449863                         1449863004272910310000001   03500000000000 1806170311                              000000000000000080034129350001803110000180000000000000000000000000000000000000000000000000000000000000000000000000000800000000000000000000000000000000000000000000000000062020000000000000          0000000000000000000000000000000000000000000000000010000024
700000000000000001202500017727X1449863                         1449863004522810310000001   03500000000000 1806170311                              000000000000000080010430560001803110000180000000000000000000000000000000000000000000000000000000000000000000000000000800000000000000000000000000000000000000000000000000062020000000000000          0000000000000000000000000000000000000000000000000010000025
700000000000000001202500017727X1449863                         1449863004607810310000001   03500000000000 1806170311                              000000000000000080003335610001803110000180000000000000000000000000000000000000000000000000000000000000000000000000000800000000000000000000000000000000000000000000000000062020000000000000          0000000000000000000000000000000000000000000000000010000026
700000000000000001202500017727X1449863                         1449863004636710310000001   03500000000000 1806170311                              000000000000000080034177790001803110000180000000000000000000000000000000000000000000000000000000000000000000000000000800000000000000000000000000000000000000000000000000062020000000000000          0000000000000000000000000000000000000000000000000010000027
700000000000000001202500017727X1449863                         1449863004636810310000001   03500000000000 1806170311                              000000000000000080034177790001803110000180000000000000000000000000000000000000000000000000000000000000000000000000000800000000000000000000000000000000000000000000000000062020000000000000          0000000000000000000000000000000000000000000000000010000028
700000000000000001202500017727X1449863                         1449863004811420310000001   03500000000000 1806170311                              000000000000000080010402510001803110000180000000000000000000000000000000000000000000000000000000000000000000000000000800000000000000000000000000000000000000000000000000062020000000000000          0000000000000000000000000000000000000000000000000010000029
9201001          000000000000000000000000000000          000000000000000000000000000000          000000000000000000000000000000          000000000000000000000000000000                                                  000000000000000000000000000000                                                                                                                                                   000030
