02RETORNO01COBRANCA       1202500017727X000000SIND EMP DE EDIF SP ZEL PORT C001BANCO DO BRASIL2903110000779                      000001523201093102  1449863                                                                                                                                                                                                                                              000001
700000000000000001202500017727X1449863                         1449863001179310310000001   03500000000000 1806290311                              000000000000000080010440110003003110000180000000000000000000000000000000000000000000000000000000000000000000000000000800000000000000000000000000000000000000000000000000062020000000000000          0000000000000000000000000000000000000000000000000010000002
700000000000000001202500017727X1449863                         1449863001336510410000001   03500000000000 1806290311                              000000000000000080023701030003003110000180000000000000000000000000000000000000000000000000000000000000000000000000000800000000000000000000000000000000000000000000000000062020000000000000          0000000000000000000000000000000000000000000000000010000003
700000000000000001202500017727X1449863                         1449863001336510510000001   03500000000000 1806290311                              000000000000000080023701030003003110000180000000000000000000000000000000000000000000000000000000000000000000000000000800000000000000000000000000000000000000000000000000062020000000000000          0000000000000000000000000000000000000000000000000010000004
700000000000000001202500017727X1449863                         1449863001420810310000001   03500000000000 1806290311                              000000000000000080034107360003003110000180000000000000000000000000000000000000000000000000000000000000000000000000000800000000000000000000000000000000000000000000000000062020000000000000          0000000000000000000000000000000000000000000000000010000005
700000000000000001202500017727X1449863                         1449863001434010310000001   03500000000000 1806290311                              000000000000000080010428880003003110000180000000000000000000000000000000000000000000000000000000000000000000000000000800000000000000000000000000000000000000000000000000062020000000000000          0000000000000000000000000000000000000000000000000010000006
700000000000000001202500017727X1449863                         1449863001440310310000001   03500000000000 1806290311                              000000000000000080034100810003003110000180000000000000000000000000000000000000000000000000000000000000000000000000000800000000000000000000000000000000000000000000000000062020000000000000          0000000000000000000000000000000000000000000000000010000007
700000000000000001202500017727X1449863                         1449863001565110310000001   03500000000000 1806290311                              000000000000000080010402670003003110000180000000000000000000000000000000000000000000000000000000000000000000000000000800000000000000000000000000000000000000000000000000062020000000000000          0000000000000000000000000000000000000000000000000010000008
700000000000000001202500017727X1449863                         1449863001645510310000001   03500000000000 1806290311                              000000000000000080034103490003003110000180000000000000000000000000000000000000000000000000000000000000000000000000000800000000000000000000000000000000000000000000000000062020000000000000          0000000000000000000000000000000000000000000000000010000009
700000000000000001202500017727X1449863                         1449863001732610310000001   03500000000000 1806290311                              000000000000000080023713610003003110000180000000000000000000000000000000000000000000000000000000000000000000000000000800000000000000000000000000000000000000000000000000062020000000000000          0000000000000000000000000000000000000000000000000010000010
700000000000000001202500017727X1449863                         1449863001784810310000001   03500000000000 1806290311                              000000000000000080023726210003003110000180000000000000000000000000000000000000000000000000000000000000000000000000000800000000000000000000000000000000000000000000000000062020000000000000          0000000000000000000000000000000000000000000000000010000011
700000000000000001202500017727X1449863                         1449863001930510310000001   03500000000000 1806290311                              000000000000000080000148666003003110000225000000000000000000000000000000000000000000000000000000000000000000000000000800000000000000000000000000000000000000000000000000057520000000000000          0000000000000000000000000000000000000000000000000008000012
700000000000000001202500017727X1449863                         1449863001930510410000001   03500000000000 1806290311                              000000000000000080000148666003003110000225000000000000000000000000000000000000000000000000000000000000000000000000000800000000000000000000000000000000000000000000000000057520000000000000          0000000000000000000000000000000000000000000000000008000013
700000000000000001202500017727X1449863                         1449863001950630310000001   03500000000000 1806290311                              000000000000000080023701360003003110000180000000000000000000000000000000000000000000000000000000000000000000000000000800000000000000000000000000000000000000000000000000062020000000000000          0000000000000000000000000000000000000000000000000010000014
700000000000000001202500017727X1449863                         1449863001979410310000001   03500000000000 1806290311                              000000000000000080034130950003003110000180000000000000000000000000000000000000000000000000000000000000000000000000000800000000000000000000000000000000000000000000000000062020000000000000          0000000000000000000000000000000000000000000000000010000015
700000000000000001202500017727X1449863                         1449863002031310310000001   03500000000000 1806290311                              000000000000000080010402350003003110000180000000000000000000000000000000000000000000000000000000000000000000000000000800000000000000000000000000000000000000000000000000062020000000000000          0000000000000000000000000000000000000000000000000010000016
700000000000000001202500017727X1449863                         1449863002196510310000001   03500000000000 1806290311                              000000000000000080010441580003003110000180000000000000000000000000000000000000000000000000000000000000000000000000000800000000000000000000000000000000000000000000000000062020000000000000          0000000000000000000000000000000000000000000000000010000017
700000000000000001202500017727X1449863                         1449863002210910310000001   03500000000000 1806290311                              000000000000000080010402630003003110000180000000000000000000000000000000000000000000000000000000000000000000000000000800000000000000000000000000000000000000000000000000062020000000000000          0000000000000000000000000000000000000000000000000010000018
700000000000000001202500017727X1449863                         1449863002302710310000001   03500000000000 1806290311                              000000000000000080023728440003003110000180000000000000000000000000000000000000000000000000000000000000000000000000000800000000000000000000000000000000000000000000000000062020000000000000          0000000000000000000000000000000000000000000000000010000019
700000000000000001202500017727X1449863                         1449863002303110310000001   03500000000000 1806290311                              000000000000000080023700960003003110000180000000000000000000000000000000000000000000000000000000000000000000000000000800000000000000000000000000000000000000000000000000062020000000000000          0000000000000000000000000000000000000000000000000010000020
700000000000000001202500017727X1449863                         1449863002404110310000001   03500000000000 1806290311                              000000000000000080034116630003003110000180000000000000000000000000000000000000000000000000000000000000000000000000000800000000000000000000000000000000000000000000000000062020000000000000          0000000000000000000000000000000000000000000000000010000021
700000000000000001202500017727X1449863                         1449863002436130310000001   03500000000000 1806290311                              000000000000000080010416790003003110000180000000000000000000000000000000000000000000000000000000000000000000000000000800000000000000000000000000000000000000000000000000062020000000000000          0000000000000000000000000000000000000000000000000010000022
700000000000000001202500017727X1449863                         1449863002479410310000001   03500000000000 1806290311                              000000000000000080023706140003003110000180000000000000000000000000000000000000000000000000000000000000000000000000000800000000000000000000000000000000000000000000000000062020000000000000          0000000000000000000000000000000000000000000000000010000023
700000000000000001202500017727X1449863                         1449863002521610310000001   03500000000000 1806290311                              000000000000000080010406120003003110000180000000000000000000000000000000000000000000000000000000000000000000000000000800000000000000000000000000000000000000000000000000062020000000000000          0000000000000000000000000000000000000000000000000010000024
700000000000000001202500017727X1449863                         1449863002531620310000001   03500000000000 1806290311                              000000000000000080006500010003003110000180000000000000000000000000000000000000000000000000000000000000000000000000000800000000000000000000000000000000000000000000000000062020000000000000          0000000000000000000000000000000000000000000000000010000025
700000000000000001202500017727X1449863                         1449863002575010310000001   03500000000000 1806290311                              000000000000000080034129600003003110000180000000000000000000000000000000000000000000000000000000000000000000000000000800000000000000000000000000000000000000000000000000062020000000000000          0000000000000000000000000000000000000000000000000010000026
700000000000000001202500017727X1449863                         1449863002650210410000001   03500000000000 1806290311                              000000000000000080010402670003003110000180000000000000000000000000000000000000000000000000000000000000000000000000000800000000000000000000000000000000000000000000000000062020000000000000          0000000000000000000000000000000000000000000000000010000027
700000000000000001202500017727X1449863                         1449863002698310310000001   03500000000000 1806290311                              000000000000000080010402550003003110000180000000000000000000000000000000000000000000000000000000000000000000000000000800000000000000000000000000000000000000000000000000062020000000000000          0000000000000000000000000000000000000000000000000010000028
700000000000000001202500017727X1449863                         1449863002747910310000001   03500000000000 1806290311                              000000000000000080000115164003003110000180000000000000000000000000000000000000000000000000000000000000000000000000000800000000000000000000000000000000000000000000000000062020000000000000          0000000000000000000000000000000000000000000000000007000029
700000000000000001202500017727X1449863                         1449863002852410310000001   03500000000000 1806290311                              000000000000000080010402490003003110000180000000000000000000000000000000000000000000000000000000000000000000000000000800000000000000000000000000000000000000000000000000062020000000000000          0000000000000000000000000000000000000000000000000010000030
700000000000000001202500017727X1449863                         1449863003078610310000001   03500000000000 1806290311                              000000000000000080010402730003003110000180000000000000000000000000000000000000000000000000000000000000000000000000000800000000000000000000000000000000000000000000000000062020000000000000          0000000000000000000000000000000000000000000000000010000031
700000000000000001202500017727X1449863                         1449863003086710310000001   03500000000000 1806290311                              000000000000000080010412300003003110000180000000000000000000000000000000000000000000000000000000000000000000000000000800000000000000000000000000000000000000000000000000062020000000000000          0000000000000000000000000000000000000000000000000010000032
700000000000000001202500017727X1449863                         1449863003244110410000001   03500000000000 1806290311                              000000000000000080010402590003003110000180000000000000000000000000000000000000000000000000000000000000000000000000000800000000000000000000000000000000000000000000000000062020000000000000          0000000000000000000000000000000000000000000000000010000033
700000000000000001202500017727X1449863                         1449863003245210310000001   03500000000000 1806290311                              000000000000000080023701340003003110000180000000000000000000000000000000000000000000000000000000000000000000000000000800000000000000000000000000000000000000000000000000062020000000000000          0000000000000000000000000000000000000000000000000010000034
700000000000000001202500017727X1449863                         1449863003443810310000001   03500000000000 1806290311                              000000000000000080034104280003003110000180000000000000000000000000000000000000000000000000000000000000000000000000000800000000000000000000000000000000000000000000000000062020000000000000          0000000000000000000000000000000000000000000000000010000035
700000000000000001202500017727X1449863                         1449863003670510310000001   03500000000000 1806290311                              000000000000000080034178630003003110000180000000000000000000000000000000000000000000000000000000000000000000000000000800000000000000000000000000000000000000000000000000062020000000000000          0000000000000000000000000000000000000000000000000010000036
700000000000000001202500017727X1449863                         1449863003670510410000001   03500000000000 1806290311                              000000000000000080034178630003003110000180000000000000000000000000000000000000000000000000000000000000000000000000000800000000000000000000000000000000000000000000000000062020000000000000          0000000000000000000000000000000000000000000000000010000037
700000000000000001202500017727X1449863                         1449863003676810410000001   03500000000000 1806290311                              000000000000000080010410050003003110000180000000000000000000000000000000000000000000000000000000000000000000000000000800000000000000000000000000000000000000000000000000062020000000000000          0000000000000000000000000000000000000000000000000010000038
700000000000000001202500017727X1449863                         1449863003726510310000001   03500000000000 1806290311                              000000000000000080010413700003003110000180000000000000000000000000000000000000000000000000000000000000000000000000000800000000000000000000000000000000000000000000000000062020000000000000          0000000000000000000000000000000000000000000000000010000039
700000000000000001202500017727X1449863                         1449863003726710310000001   03500000000000 1806290311                              000000000000000080023727640003003110000180000000000000000000000000000000000000000000000000000000000000000000000000000800000000000000000000000000000000000000000000000000062020000000000000          0000000000000000000000000000000000000000000000000010000040
700000000000000001202500017727X1449863                         1449863003744820410000001   03500000000000 1806290311                              000000000000000080034107720003003110000180000000000000000000000000000000000000000000000000000000000000000000000000000800000000000000000000000000000000000000000000000000062020000000000000          0000000000000000000000000000000000000000000000000010000041
700000000000000001202500017727X1449863                         1449863003756810310000001   03500000000000 1806290311                              000000000000000080003346150003003110000180000000000000000000000000000000000000000000000000000000000000000000000000000800000000000000000000000000000000000000000000000000062020000000000000          0000000000000000000000000000000000000000000000000010000042
700000000000000001202500017727X1449863                         1449863003756810410000001   03500000000000 1806290311                              000000000000000080003346150003003110000180000000000000000000000000000000000000000000000000000000000000000000000000000800000000000000000000000000000000000000000000000000062020000000000000          0000000000000000000000000000000000000000000000000010000043
700000000000000001202500017727X1449863                         1449863003782110310000001   03500000000000 1806290311                              000000000000000080023726210003003110000180000000000000000000000000000000000000000000000000000000000000000000000000000800000000000000000000000000000000000000000000000000062020000000000000          0000000000000000000000000000000000000000000000000010000044
700000000000000001202500017727X1449863                         1449863003782110410000001   03500000000000 1806290311                              000000000000000080023726210003003110000180000000000000000000000000000000000000000000000000000000000000000000000000000800000000000000000000000000000000000000000000000000062020000000000000          0000000000000000000000000000000000000000000000000010000045
700000000000000001202500017727X1449863                         1449863003806210310000001   03500000000000 1806290311                              000000000000000080000106467003003110000180000000000000000000000000000000000000000000000000000000000000000000000000000800000000000000000000000000000000000000000000000000062020000000000000          0000000000000000000000000000000000000000000000000007000046
700000000000000001202500017727X1449863                         1449863003935810310000001   03500000000000 1806290311                              000000000000000080010428790003003110000180000000000000000000000000000000000000000000000000000000000000000000000000000800000000000000000000000000000000000000000000000000062020000000000000          0000000000000000000000000000000000000000000000000010000047
700000000000000001202500017727X1449863                         1449863003943310310000001   03500000000000 1806290311                              000000000000000080010429280003003110000180000000000000000000000000000000000000000000000000000000000000000000000000000800000000000000000000000000000000000000000000000000062020000000000000          0000000000000000000000000000000000000000000000000010000048
700000000000000001202500017727X1449863                         1449863003949910310000001   03500000000000 1806290311                              000000000000000080010430190003003110000180000000000000000000000000000000000000000000000000000000000000000000000000000800000000000000000000000000000000000000000000000000062020000000000000          0000000000000000000000000000000000000000000000000010000049
700000000000000001202500017727X1449863                         1449863003949910410000001   03500000000000 1806290311                              000000000000000080010430190003003110000180000000000000000000000000000000000000000000000000000000000000000000000000000800000000000000000000000000000000000000000000000000062020000000000000          0000000000000000000000000000000000000000000000000010000050
700000000000000001202500017727X1449863                         1449863003993610310000001   03500000000000 1806290311                              000000000000000080023724770003003110000180000000000000000000000000000000000000000000000000000000000000000000000000000800000000000000000000000000000000000000000000000000062020000000000000          0000000000000000000000000000000000000000000000000010000051
700000000000000001202500017727X1449863                         1449863004097410410000001   03500000000000 1806290311                              000000000000000080010441380003003110000180000000000000000000000000000000000000000000000000000000000000000000000000000800000000000000000000000000000000000000000000000000062020000000000000          0000000000000000000000000000000000000000000000000010000052
700000000000000001202500017727X1449863                         1449863004107310310000001   03500000000000 1806290311                              000000000000000080034180980003003110000180000000000000000000000000000000000000000000000000000000000000000000000000000800000000000000000000000000000000000000000000000000062020000000000000          0000000000000000000000000000000000000000000000000010000053
700000000000000001202500017727X1449863                         1449863004188420310000001   03500000000000 1806290311                              000000000000000080010406120003003110000180000000000000000000000000000000000000000000000000000000000000000000000000000800000000000000000000000000000000000000000000000000062020000000000000          0000000000000000000000000000000000000000000000000010000054
700000000000000001202500017727X1449863                         1449863004217010310000001   03500000000000 1806290311                              000000000000000080034103670003003110000180000000000000000000000000000000000000000000000000000000000000000000000000000800000000000000000000000000000000000000000000000000062020000000000000          0000000000000000000000000000000000000000000000000010000055
700000000000000001202500017727X1449863                         1449863004343340310000001   03500000000000 1806290311                              000000000000000080010430560003003110000180000000000000000000000000000000000000000000000000000000000000000000000000000800000000000000000000000000000000000000000000000000062020000000000000          0000000000000000000000000000000000000000000000000010000056
700000000000000001202500017727X1449863                         1449863004387730310000001   03500000000000 1806290311                              000000000000000080010432320003003110000180000000000000000000000000000000000000000000000000000000000000000000000000000800000000000000000000000000000000000000000000000000062020000000000000          0000000000000000000000000000000000000000000000000010000057
700000000000000001202500017727X1449863                         1449863004412310310000001   03500000000000 1806290311                              000000000000000080010440310003003110000180000000000000000000000000000000000000000000000000000000000000000000000000000800000000000000000000000000000000000000000000000000062020000000000000          0000000000000000000000000000000000000000000000000010000058
700000000000000001202500017727X1449863                         1449863004427810310000001   03500000000000 1806290311                              000000000000000080000115040003003110000180000000000000000000000000000000000000000000000000000000000000000000000000000800000000000000000000000000000000000000000000000000062020000000000000          0000000000000000000000000000000000000000000000000007000059
700000000000000001202500017727X1449863                         1449863004431710310000001   03500000000000 1806290311                              000000000000000080034107400003003110000180000000000000000000000000000000000000000000000000000000000000000000000000000800000000000000000000000000000000000000000000000000062020000000000000          0000000000000000000000000000000000000000000000000010000060
700000000000000001202500017727X1449863                         1449863004431710410000001   03500000000000 1806290311                              000000000000000080034107400003003110000180000000000000000000000000000000000000000000000000000000000000000000000000000800000000000000000000000000000000000000000000000000062020000000000000          0000000000000000000000000000000000000000000000000010000061
700000000000000001202500017727X1449863                         1449863004431710510000001   03500000000000 1806290311                              000000000000000080034107400003003110000180000000000000000000000000000000000000000000000000000000000000000000000000000800000000000000000000000000000000000000000000000000062020000000000000          0000000000000000000000000000000000000000000000000010000062
700000000000000001202500017727X1449863                         1449863004442110310000001   03500000000000 1806290311                              000000000000000080010413700003003110000180000000000000000000000000000000000000000000000000000000000000000000000000000800000000000000000000000000000000000000000000000000062020000000000000          0000000000000000000000000000000000000000000000000010000063
700000000000000001202500017727X1449863                         1449863004498020310000001   03500000000000 1806290311                              000000000000000080034181410003003110000180000000000000000000000000000000000000000000000000000000000000000000000000000800000000000000000000000000000000000000000000000000062020000000000000          0000000000000000000000000000000000000000000000000010000064
700000000000000001202500017727X1449863                         1449863004500310310000001   03500000000000 1806290311                              000000000000000080010413710003003110000180000000000000000000000000000000000000000000000000000000000000000000000000000800000000000000000000000000000000000000000000000000062020000000000000          0000000000000000000000000000000000000000000000000010000065
700000000000000001202500017727X1449863                         1449863004517910310000001   03500000000000 1806290311                              000000000000000080000115466003003110000225000000000000000000000000000000000000000000000000000000000000000000000000000800000000000000000000000000000000000000000000000000057520000000000000          0000000000000000000000000000000000000000000000000008000066
700000000000000001202500017727X1449863                         1449863004518910310000001   03500000000000 1806290311                              000000000000000080010412180003003110000180000000000000000000000000000000000000000000000000000000000000000000000000000800000000000000000000000000000000000000000000000000062020000000000000          0000000000000000000000000000000000000000000000000010000067
700000000000000001202500017727X1449863                         1449863004527510310000001   03500000000000 1806290311                              000000000000000080023708160003003110000180000000000000000000000000000000000000000000000000000000000000000000000000000800000000000000000000000000000000000000000000000000062020000000000000          0000000000000000000000000000000000000000000000000010000068
700000000000000001202500017727X1449863                         1449863004532310310000001   03500000000000 1806290311                              000000000000000080023733340003003110000180000000000000000000000000000000000000000000000000000000000000000000000000000800000000000000000000000000000000000000000000000000062020000000000000          0000000000000000000000000000000000000000000000000010000069
700000000000000001202500017727X1449863                         1449863004577810310000001   03500000000000 1806290311                              000000000000000080034143000003003110000180000000000000000000000000000000000000000000000000000000000000000000000000000800000000000000000000000000000000000000000000000000062020000000000000          0000000000000000000000000000000000000000000000000010000070
700000000000000001202500017727X1449863                         1449863004577810410000001   03500000000000 1806290311                              000000000000000080034143000003003110000180000000000000000000000000000000000000000000000000000000000000000000000000000800000000000000000000000000000000000000000000000000062020000000000000          0000000000000000000000000000000000000000000000000010000071
700000000000000001202500017727X1449863                         1449863004577810510000001   03500000000000 1806290311                              000000000000000080034143000003003110000180000000000000000000000000000000000000000000000000000000000000000000000000000800000000000000000000000000000000000000000000000000062020000000000000          0000000000000000000000000000000000000000000000000010000072
700000000000000001202500017727X1449863                         1449863004598510310000001   03500000000000 1806290311                              000000000000000080034131710003003110000180000000000000000000000000000000000000000000000000000000000000000000000000000800000000000000000000000000000000000000000000000000062020000000000000          0000000000000000000000000000000000000000000000000010000073
700000000000000001202500017727X1449863                         1449863004604810310000001   03500000000000 1806290311                              000000000000000080000111916003003110000180000000000000000000000000000000000000000000000000000000000000000000000000000800000000000000000000000000000000000000000000000000062020000000000000          0000000000000000000000000000000000000000000000000007000074
700000000000000001202500017727X1449863                         1449863004630410410000001   03500000000000 1806290311                              000000000000000080034101730003003110000180000000000000000000000000000000000000000000000000000000000000000000000000000800000000000000000000000000000000000000000000000000062020000000000000          0000000000000000000000000000000000000000000000000010000075
700000000000000001202500017727X1449863                         1449863004674710310000001   03500000000000 1806290311                              000000000000000080034100810003003110000180000000000000000000000000000000000000000000000000000000000000000000000000000800000000000000000000000000000000000000000000000000062020000000000000          0000000000000000000000000000000000000000000000000010000076
700000000000000001202500017727X1449863                         1449863004681710310000001   03500000000000 1806290311                              000000000000000080034100370003003110000180000000000000000000000000000000000000000000000000000000000000000000000000000800000000000000000000000000000000000000000000000000062020000000000000          0000000000000000000000000000000000000000000000000010000077
700000000000000001202500017727X1449863                         1449863004707220410000001   03500000000000 1806290311                              000000000000000080010430880003003110000180000000000000000000000000000000000000000000000000000000000000000000000000000800000000000000000000000000000000000000000000000000062020000000000000          0000000000000000000000000000000000000000000000000010000078
700000000000000001202500017727X1449863                         1449863004714720310000001   03500000000000 1806290311                              000000000000000080010416540003003110000180000000000000000000000000000000000000000000000000000000000000000000000000000800000000000000000000000000000000000000000000000000062020000000000000          0000000000000000000000000000000000000000000000000010000079
700000000000000001202500017727X1449863                         1449863004717110310000001   03500000000000 1806290311                              000000000000000080023727990003003110000180000000000000000000000000000000000000000000000000000000000000000000000000000800000000000000000000000000000000000000000000000000062020000000000000          0000000000000000000000000000000000000000000000000010000080
700000000000000001202500017727X1449863                         1449863004717110410000001   03500000000000 1806290311                              000000000000000080023727990003003110000180000000000000000000000000000000000000000000000000000000000000000000000000000800000000000000000000000000000000000000000000000000062020000000000000          0000000000000000000000000000000000000000000000000010000081
700000000000000001202500017727X1449863                         1449863004727710310000001   03500000000000 1806290311                              000000000000000080023706140003003110000180000000000000000000000000000000000000000000000000000000000000000000000000000800000000000000000000000000000000000000000000000000062020000000000000          0000000000000000000000000000000000000000000000000010000082
700000000000000001202500017727X1449863                         1449863004729910310000001   03500000000000 1806290311                              000000000000000080023708220003003110000180000000000000000000000000000000000000000000000000000000000000000000000000000800000000000000000000000000000000000000000000000000062020000000000000          0000000000000000000000000000000000000000000000000010000083
700000000000000001202500017727X1449863                         1449863004733410310000001   03500000000000 1806290311                              000000000000000080000106467003003110000180000000000000000000000000000000000000000000000000000000000000000000000000000800000000000000000000000000000000000000000000000000062020000000000000          0000000000000000000000000000000000000000000000000007000084
700000000000000001202500017727X1449863                         1449863004735610310000001   03500000000000 1806290311                              000000000000000080010441390003003110000180000000000000000000000000000000000000000000000000000000000000000000000000000800000000000000000000000000000000000000000000000000062020000000000000          0000000000000000000000000000000000000000000000000010000085
700000000000000001202500017727X1449863                         1449863004751710310000001   03500000000000 1806290311                              000000000000000080034163280003003110000180000000000000000000000000000000000000000000000000000000000000000000000000000800000000000000000000000000000000000000000000000000062020000000000000          0000000000000000000000000000000000000000000000000010000086
700000000000000001202500017727X1449863                         1449863004758310310000001   03500000000000 1806290311                              000000000000000080034129250003003110000180000000000000000000000000000000000000000000000000000000000000000000000000000800000000000000000000000000000000000000000000000000062020000000000000          0000000000000000000000000000000000000000000000000010000087
700000000000000001202500017727X1449863                         1449863004763420310000001   03500000000000 1806290311                              000000000000000080010430880003003110000180000000000000000000000000000000000000000000000000000000000000000000000000000800000000000000000000000000000000000000000000000000062020000000000000          0000000000000000000000000000000000000000000000000010000088
700000000000000001202500017727X1449863                         1449863004769110310000001   03500000000000 1806290311                              000000000000000080023701040003003110000180000000000000000000000000000000000000000000000000000000000000000000000000000800000000000000000000000000000000000000000000000000062020000000000000          0000000000000000000000000000000000000000000000000010000089
700000000000000001202500017727X1449863                         1449863004772510310000001   03500000000000 1806290311                              000000000000000080034162520003003110000180000000000000000000000000000000000000000000000000000000000000000000000000000800000000000000000000000000000000000000000000000000062020000000000000          0000000000000000000000000000000000000000000000000010000090
700000000000000001202500017727X1449863                         1449863004788630310000001   03500000000000 1806290311                              000000000000000080010440740003003110000180000000000000000000000000000000000000000000000000000000000000000000000000000800000000000000000000000000000000000000000000000000062020000000000000          0000000000000000000000000000000000000000000000000010000091
700000000000000001202500017727X1449863                         1449863004794430310000001   03500000000000 1806290311                              000000000000000080010402690003003110000180000000000000000000000000000000000000000000000000000000000000000000000000000800000000000000000000000000000000000000000000000000062020000000000000          0000000000000000000000000000000000000000000000000010000092
700000000000000001202500017727X1449863                         1449863004797310310000001   03500000000000 1806290311                              000000000000000080023704230003003110000180000000000000000000000000000000000000000000000000000000000000000000000000000800000000000000000000000000000000000000000000000000062020000000000000          0000000000000000000000000000000000000000000000000010000093
700000000000000001202500017727X1449863                         1449863004797540310000001   03500000000000 1806290311                              000000000000000080003342550003003110000180000000000000000000000000000000000000000000000000000000000000000000000000000800000000000000000000000000000000000000000000000000062020000000000000          0000000000000000000000000000000000000000000000000010000094
700000000000000001202500017727X1449863                         1449863004797540410000001   03500000000000 1806290311                              000000000000000080003342550003003110000180000000000000000000000000000000000000000000000000000000000000000000000000000800000000000000000000000000000000000000000000000000062020000000000000          0000000000000000000000000000000000000000000000000010000095
700000000000000001202500017727X1449863                         1449863004797540510000001   03500000000000 1806290311                              000000000000000080003342550003003110000180000000000000000000000000000000000000000000000000000000000000000000000000000800000000000000000000000000000000000000000000000000062020000000000000          0000000000000000000000000000000000000000000000000010000096
700000000000000001202500017727X1449863                         1449863004797540610000001   03500000000000 1806290311                              000000000000000080003342550003003110000180000000000000000000000000000000000000000000000000000000000000000000000000000800000000000000000000000000000000000000000000000000062020000000000000          0000000000000000000000000000000000000000000000000010000097
700000000000000001202500017727X1449863                         1449863004797540710000001   03500000000000 1806290311                              000000000000000080003342550003003110000180000000000000000000000000000000000000000000000000000000000000000000000000000800000000000000000000000000000000000000000000000000062020000000000000          0000000000000000000000000000000000000000000000000010000098
700000000000000001202500017727X1449863                         1449863004797540810000001   03500000000000 1806290311                              000000000000000080003342550003003110000180000000000000000000000000000000000000000000000000000000000000000000000000000800000000000000000000000000000000000000000000000000062020000000000000          0000000000000000000000000000000000000000000000000010000099
700000000000000001202500017727X1449863                         1449863004798420310000001   03500000000000 1806290311                              000000000000000080023724580003003110000180000000000000000000000000000000000000000000000000000000000000000000000000000800000000000000000000000000000000000000000000000000062020000000000000          0000000000000000000000000000000000000000000000000010000100
700000000000000001202500017727X1449863                         1449863004800540310000001   03500000000000 1806290311                              000000000000000080010410060003003110000180000000000000000000000000000000000000000000000000000000000000000000000000000800000000000000000000000000000000000000000000000000062020000000000000          0000000000000000000000000000000000000000000000000010000101
700000000000000001202500017727X1449863                         1449863004802510310000001   03500000000000 1806290311                              000000000000000080034130950003003110000180000000000000000000000000000000000000000000000000000000000000000000000000000800000000000000000000000000000000000000000000000000062020000000000000          0000000000000000000000000000000000000000000000000010000102
700000000000000001202500017727X1449863                         1449863004802810310000001   03500000000000 1806290311                              000000000000000080034187250003003110000180000000000000000000000000000000000000000000000000000000000000000000000000000800000000000000000000000000000000000000000000000000062020000000000000          0000000000000000000000000000000000000000000000000010000103
700000000000000001202500017727X1449863                         1449863004802920310000001   03500000000000 1806290311                              000000000000000080010430970003003110000180000000000000000000000000000000000000000000000000000000000000000000000000000800000000000000000000000000000000000000000000000000062020000000000000          0000000000000000000000000000000000000000000000000010000104
700000000000000001202500017727X1449863                         1449863004804830310000001   03500000000000 1806290311                              000000000000000080010441580003003110000180000000000000000000000000000000000000000000000000000000000000000000000000000800000000000000000000000000000000000000000000000000062020000000000000          0000000000000000000000000000000000000000000000000010000105
700000000000000001202500017727X1449863                         1449863004805330310000001   03500000000000 1806290311                              000000000000000080023726220003003110000180000000000000000000000000000000000000000000000000000000000000000000000000000800000000000000000000000000000000000000000000000000062020000000000000          0000000000000000000000000000000000000000000000000010000106
700000000000000001202500017727X1449863                         1449863004806410310000001   03500000000000 1806290311                              000000000000000080023727440003003110000180000000000000000000000000000000000000000000000000000000000000000000000000000800000000000000000000000000000000000000000000000000062020000000000000          0000000000000000000000000000000000000000000000000010000107
700000000000000001202500017727X1449863                         1449863004809610310000001   03500000000000 1806290311                              000000000000000080010402670003003110000180000000000000000000000000000000000000000000000000000000000000000000000000000800000000000000000000000000000000000000000000000000062020000000000000          0000000000000000000000000000000000000000000000000010000108
700000000000000001202500017727X1449863                         1449863004809610410000001   03500000000000 1806290311                              000000000000000080010402670003003110000180000000000000000000000000000000000000000000000000000000000000000000000000000800000000000000000000000000000000000000000000000000062020000000000000          0000000000000000000000000000000000000000000000000010000109
700000000000000001202500017727X1449863                         1449863004812740310000001   03500000000000 1806290311                              000000000000000080034187400003003110000180000000000000000000000000000000000000000000000000000000000000000000000000000800000000000000000000000000000000000000000000000000062020000000000000          0000000000000000000000000000000000000000000000000010000110
700000000000000001202500017727X1449863                         1449863004819510410000001   03500000000000 1806290311                              000000000000000080010413710003003110000180000000000000000000000000000000000000000000000000000000000000000000000000000800000000000000000000000000000000000000000000000000062020000000000000          0000000000000000000000000000000000000000000000000010000111
700000000000000001202500017727X1449863                         1449863004821510410000001   03500000000000 1806290311                              000000000000000080010402670003003110000180000000000000000000000000000000000000000000000000000000000000000000000000000800000000000000000000000000000000000000000000000000062020000000000000          0000000000000000000000000000000000000000000000000010000112
9201001          000000000000000000000000000000          000000000000000000000000000000          000000000000000000000000000000          000000000000000000000000000000                                                  000000000000000000000000000000                                                                                                                                                   000113
