02RETORNO01COBRANCA       1202500017727X284723SIND EMP DE EDIF SP ZEL PORT C001BANCO DO BRASIL1703110001884                      000001884201093102                                                                                                                                                                                                                                                       000001
100000000000000001202500017727X28472321      0000000000408767600000000000010000001   027000000 0000000000 1806170311          00000000000010000001000000000000000538423700990001803110000180000000000000000000000000000000000000000000000000000000000000000000000000005384000000000000000000000000000000000000000000000000520420000000000000          0000000000000000000000000000000000000000000000000010000002
100000000000000001202500017727X28472321      0000000000408767700000000000010000001   027000000 0000000000 1806170311          00000000000010000001000000000000000423023700990001803110000180000000000000000000000000000000000000000000000000000000000000000000000000004230000000000000000000000000000000000000000000000000405020000000000000          0000000000000000000000000000000000000000000000000010000003
100000000000000001202500017727X28472321      0000000000408767900000000000010000001   027000000 0000000000 1806170311          00000000000010000001000000000000000084723700990001803110000180000000000000000000000000000000000000000000000000000000000000000000000000000847000000000000000000000000000000000000000000000000066720000000000000          0000000000000000000000000000000000000000000000000010000004
100000000000000001202500017727X28472321      0000000000425994900000000000010000001   027000000 0000000000 1806170311          00000000000010000001000000000000000263623701340001803110000180000000000000000000000000000000000000000000000000000000000000000000000000002636000000000000000000000000000000000000000000000000245620000000000000          0000000000000000000000000000000000000000000000000010000005
100000000000000001202500017727X28472321      0000000000426028400000000000010000001   027000000 0000000000 1806170311          00000000000010000001000000000000000897423701340001803110000180000000000000000000000000000000000000000000000000000000000000000000000000008974000000000000000000000000000000000000000000000000879420000000000000          0000000000000000000000000000000000000000000000000010000006
100000000000000001202500017727X28472321      0000000000426028600000000000010000001   027000000 0000000000 1806170311          00000000000010000001000000000000001210323701340001803110000180000000000000000000000000000000000000000000000000000000000000000000000000012103000000000000000000000000000000000000000000000001192320000000000000          0000000000000000000000000000000000000000000000000010000007
100000000000000001202500017727X28472321      0000000000426029100000000000010000001   027000000 0000000000 1806170311          00000000000010000001000000000000001973723701340001803110000180000000000000000000000000000000000000000000000000000000000000000000000000019737000000000000000000000000000000000000000000000001955720000000000000          0000000000000000000000000000000000000000000000000010000008
100000000000000001202500017727X28472321      0000000000426113400000000000010000001   027000000 0000000000 1806170311          00000000000010000001000000000000000355200131909001803110000225000000000000000000000000000000000000000000000000000000000000000000000000003907000000000035500000000000000000000000000000000000368220000000000000          0000000000000000000000000000000000000000000000000008000009
100000000000000001202500017727X28472321      0000000000426161300000000000010000001   027000000 0000000000 1806170311          00000000000010000001000000000000000178134108440001803110000180000000000000000000000000000000000000000000000000000000000000000000000000001781000000000000000000000000000000000000000000000000160120000000000000          0000000000000000000000000000000000000000000000000010000010
100000000000000001202500017727X28472321      0000000000426177800000000000010000001   027000000 0000000000 1806170311          00000000000010000001000000000000000639034100640001803110000180000000000000000000000000000000000000000000000000000000000000000000000000006390000000000000000000000000000000000000000000000000621020000000000000          0000000000000000000000000000000000000000000000000010000011
100000000000000001202500017727X28472321      0000000000426261800000000000010000001   027000000 0000000000 1806170311          00000000000010000001000000000000000822323701340001803110000180000000000000000000000000000000000000000000000000000000000000000000000000008223000000000000000000000000000000000000000000000000804320000000000000          0000000000000000000000000000000000000000000000000010000012
100000000000000001202500017727X28472321      0000000000426336700000000000010000001   027000000 0000000000 1806170311          00000000000010000001000000000000000390834100460001803110000180000000000000000000000000000000000000000000000000000000000000000000000000003908000000000000000000000000000000000000000000000000372820000000000000          0000000000000000000000000000000000000000000000000010000013
100000000000000001202500017727X28472321      0000000000426393000000000000010000001   027000000 0000000000 1806170311          00000000000010000001000000000000000425034110000001803110000180000000000000000000000000000000000000000000000000000000000000000000000000004250000000000000000000000000000000000000000000000000407020000000000000          0000000000000000000000000000000000000000000000000010000014
100000000000000001202500017727X28472321      0000000000426449000000000000010000001   027000000 0000000000 1806170311          00000000000010000001000000000000000836934108440001803110000180000000000000000000000000000000000000000000000000000000000000000000000000008369000000000000000000000000000000000000000000000000818920000000000000          0000000000000000000000000000000000000000000000000010000015
100000000000000001202500017727X28472321      0000000000426451500000000000010000001   027000000 0000000000 1806170311          00000000000010000001000000000000001155523701340001803110000180000000000000000000000000000000000000000000000000000000000000000000000000011555000000000000000000000000000000000000000000000001137520000000000000          0000000000000000000000000000000000000000000000000010000016
100000000000000001202500017727X28472321      0000000000426466500000000000010000001   027000000 0000000000 1806170311          00000000000010000001000000000000001133323701340001803110000180000000000000000000000000000000000000000000000000000000000000000000000000011333000000000000000000000000000000000000000000000001115320000000000000          0000000000000000000000000000000000000000000000000010000017
100000000000000001202500017727X28472321      0000000000426494600000000000010000001   027000000 0000000000 1806170311          00000000000010000001000000000000000920623701340001803110000180000000000000000000000000000000000000000000000000000000000000000000000000009206000000000000000000000000000000000000000000000000902620000000000000          0000000000000000000000000000000000000000000000000010000018
100000000000000001202500017727X28472321      0000000000426551600000000000010000001   027000000 0000000000 1806170311          00000000000010000001000000000000000728934108440001803110000180000000000000000000000000000000000000000000000000000000000000000000000000007289000000000000000000000000000000000000000000000000710920000000000000          0000000000000000000000000000000000000000000000000010000019
100000000000000001202500017727X28472321      0000000000426571900000000000010000001   027000000 0000000000 1806170311          00000000000010000001000000000000000468734188760001803110000180000000000000000000000000000000000000000000000000000000000000000000000000004687000000000000000000000000000000000000000000000000450720000000000000          0000000000000000000000000000000000000000000000000010000020
100000000000000001202500017727X28472321      0000000000426592300000000000010000001   027000000 0000000000 1806170311          00000000000010000001000000000000001119723701340001803110000180000000000000000000000000000000000000000000000000000000000000000000000000011197000000000000000000000000000000000000000000000001101720000000000000          0000000000000000000000000000000000000000000000000010000021
100000000000000001202500017727X28472321      0000000000426595100000000000010000001   027000000 0000000000 1806170311          00000000000010000001000000000000001379423701340001803110000180000000000000000000000000000000000000000000000000000000000000000000000000013794000000000000000000000000000000000000000000000001361420000000000000          0000000000000000000000000000000000000000000000000010000022
100000000000000001202500017727X28472321      0000000000426596600000000000010000001   027000000 0000000000 1806170311          00000000000010000001000000000000001298003335660001803110000180000000000000000000000000000000000000000000000000000000000000000000000000012980000000000000000000000000000000000000000000000001280020000000000000          0000000000000000000000000000000000000000000000000010000023
100000000000000001202500017727X28472321      0000000000426614600000000000010000001   027000000 0000000000 1806170311          00000000000010000001000000000000000842434104400001803110000180000000000000000000000000000000000000000000000000000000000000000000000000008424000000000000000000000000000000000000000000000000824420000000000000          0000000000000000000000000000000000000000000000000010000024
100000000000000001202500017727X28472321      0000000000426621900000000000010000001   027000000 0000000000 1806170311          00000000000010000001000000000000000236234177850001803110000180000000000000000000000000000000000000000000000000000000000000000000000000002362000000000000000000000000000000000000000000000000218220000000000000          0000000000000000000000000000000000000000000000000010000025
100000000000000001202500017727X28472321      0000000000426763300000000000010000001   027000000 0000000000 1806170311          00000000000010000001000000000000000976123701340001803110000180000000000000000000000000000000000000000000000000000000000000000000000000009761000000000000000000000000000000000000000000000000958120000000000000          0000000000000000000000000000000000000000000000000010000026
100000000000000001202500017727X28472321      0000000000426781400000000000010000001   027000000 0000000000 1806170311          00000000000010000001000000000000000818023701340001803110000180000000000000000000000000000000000000000000000000000000000000000000000000008180000000000000000000000000000000000000000000000000800020000000000000          0000000000000000000000000000000000000000000000000010000027
100000000000000001202500017727X28472321      0000000000426812200000000000010000004   027000000 0000000000 1806170311          00000000000010000004000000000000000499700103875001803110000225000000000000000000000000000000000000000000000000000000000000000000000000005495000000000049800000000000000000000000000000000000527020000000000000          0000000000000000000000000000000000000000000000000008000028
100000000000000001202500017727X28472321      0000000000426856800000000000010000001   027000000 0000000000 1806170311          00000000000010000001000000000000001319523701340001803110000180000000000000000000000000000000000000000000000000000000000000000000000000013195000000000000000000000000000000000000000000000001301520000000000000          0000000000000000000000000000000000000000000000000010000029
100000000000000001202500017727X28472321      0000000000426902000000000000010000001   027000000 0000000000 1806170311          00000000000010000001000000000000000323803304510001803110000180000000000000000000000000000000000000000000000000000000000000000000000000003238000000000000000000000000000000000000000000000000305820000000000000          0000000000000000000000000000000000000000000000000010000030
100000000000000001202500017727X28472321      0000000000426909900000000000010000001   027000000 0000000000 1806170311          00000000000010000001000000000000000331434108440001803110000180000000000000000000000000000000000000000000000000000000000000000000000000003314000000000000000000000000000000000000000000000000313420000000000000          0000000000000000000000000000000000000000000000000010000031
100000000000000001202500017727X28472321      0000000000426951700000000000010000001   027000000 0000000000 1806170311          00000000000010000001000000000000000808034108440001803110000180000000000000000000000000000000000000000000000000000000000000000000000000008080000000000000000000000000000000000000000000000000790020000000000000          0000000000000000000000000000000000000000000000000010000032
100000000000000001202500017727X28472321      0000000000426973500000000000010000001   027000000 0000000000 1806170311          00000000000010000001000000000000001089023701340001803110000180000000000000000000000000000000000000000000000000000000000000000000000000010890000000000000000000000000000000000000000000000001071020000000000000          0000000000000000000000000000000000000000000000000010000033
100000000000000001202500017727X28472321      0000000000426991900000000000010000001   027000000 0000000000 1806170311          00000000000010000001000000000000000077423701280001803110000180000000000000000000000000000000000000000000000000000000000000000000000000000774000000000000000000000000000000000000000000000000059420000000000000          0000000000000000000000000000000000000000000000000010000034
100000000000000001202500017727X28472321      0000000000427013100000000000010000001   027000000 0000000000 1806170311          00000000000010000001000000000000000080800140819001803110000225000000000000000000000000000000000000000000000000000000000000000000000000000889000000000008100000000000000000000000000000000000066420000000000000          0000000000000000000000000000000000000000000000000008000035
100000000000000001202500017727X28472321      0000000000427025800000000000010000001   027000000 0000000000 1806170311          00000000000010000001000000000000000102134185710001803110000180000000000000000000000000000000000000000000000000000000000000000000000000001021000000000000000000000000000000000000000000000000084120000000000000          0000000000000000000000000000000000000000000000000010000036
100000000000000001202500017727X28472321      0000000000427054900000000000010000001   027000000 0000000000 1806170311          00000000000010000001000000000000001633223701340001803110000180000000000000000000000000000000000000000000000000000000000000000000000000016332000000000000000000000000000000000000000000000001615220000000000000          0000000000000000000000000000000000000000000000000010000037
100000000000000001202500017727X28472321      0000000000427169000000000000010000001   027000000 0000000000 1806170311          00000000000010000001000000000000000261023701340001803110000180000000000000000000000000000000000000000000000000000000000000000000000000002610000000000000000000000000000000000000000000000000243020000000000000          0000000000000000000000000000000000000000000000000010000038
100000000000000001202500017727X28472321      0000000000427342200000000000010000001   027000000 0000000000 1806170311          00000000000010000001000000000000000301523701340001803110000180000000000000000000000000000000000000000000000000000000000000000000000000003015000000000000000000000000000000000000000000000000283520000000000000          0000000000000000000000000000000000000000000000000010000039
100000000000000001202500017727X28472321      0000000000427346900000000000010000001   027000000 0000000000 1806170311          00000000000010000001000000000000000907834108440001803110000180000000000000000000000000000000000000000000000000000000000000000000000000009078000000000000000000000000000000000000000000000000889820000000000000          0000000000000000000000000000000000000000000000000010000040
100000000000000001202500017727X28472321      0000000000427381500000000000010000001   027000000 0000000000 1806170311          00000000000010000001000000000000000642634100810001803110000180000000000000000000000000000000000000000000000000000000000000000000000000006426000000000000000000000000000000000000000000000000624620000000000000          0000000000000000000000000000000000000000000000000010000041
100000000000000001202500017727X28472321      0000000000427431800000000000010000001   027000000 0000000000 1806170311          00000000000010000001000000000000001061723701340001803110000180000000000000000000000000000000000000000000000000000000000000000000000000010617000000000000000000000000000000000000000000000001043720000000000000          0000000000000000000000000000000000000000000000000010000042
100000000000000001202500017727X28472321      0000000000427444600000000000010000001   027000000 0000000000 1806170311          00000000000010000001000000000000001980534103670001803110000180000000000000000000000000000000000000000000000000000000000000000000000000019805000000000000000000000000000000000000000000000001962520000000000000          0000000000000000000000000000000000000000000000000010000043
100000000000000001202500017727X28472321      0000000000427490700000000000010000001   027000000 0000000000 1806170311          00000000000010000001000000000000000084723700990001803110000180000000000000000000000000000000000000000000000000000000000000000000000000000847000000000000000000000000000000000000000000000000066720000000000000          0000000000000000000000000000000000000000000000000010000044
100000000000000001202500017727X28472321      0000000000427681900000000000010000001   027000000 0000000000 1806170311          00000000000010000001000000000000001547823701340001803110000180000000000000000000000000000000000000000000000000000000000000000000000000015478000000000000000000000000000000000000000000000001529820000000000000          0000000000000000000000000000000000000000000000000010000045
100000000000000001202500017727X28472321      0000000000427686400000000000010000001   027000000 0000000000 1806170311          00000000000010000001000000000000000175634106680001803110000180000000000000000000000000000000000000000000000000000000000000000000000000001756000000000000000000000000000000000000000000000000157620000000000000          0000000000000000000000000000000000000000000000000010000046
100000000000000001202500017727X28472321      0000000000427795600000000000010000001   027000000 0000000000 1806170311          00000000000010000001000000000000000081423713110001803110000180000000000000000000000000000000000000000000000000000000000000000000000000000814000000000000000000000000000000000000000000000000063420000000000000          0000000000000000000000000000000000000000000000000010000047
100000000000000001202500017727X28472321      0000000000427882900000000000010000001   027000000 0000000000 1806170311          00000000000010000001000000000000000232923701340001803110000180000000000000000000000000000000000000000000000000000000000000000000000000002329000000000000000000000000000000000000000000000000214920000000000000          0000000000000000000000000000000000000000000000000010000048
100000000000000001202500017727X28472321      0000000000427902900000000000010000001   027000000 0000000000 1806170311          00000000000010000001000000000000000936123701340001803110000180000000000000000000000000000000000000000000000000000000000000000000000000009361000000000000000000000000000000000000000000000000918120000000000000          0000000000000000000000000000000000000000000000000010000049
100000000000000001202500017727X28472321      0000000000427972200000000000010000001   027000000 0000000000 1806170311          00000000000010000001000000000000000706923701340001803110000180000000000000000000000000000000000000000000000000000000000000000000000000007069000000000000000000000000000000000000000000000000688920000000000000          0000000000000000000000000000000000000000000000000010000050
100000000000000001202500017727X28472321      0000000000428273000000000000010000001   027000000 0000000000 1806170311          00000000000010000001000000000000000185723729580001803110000180000000000000000000000000000000000000000000000000000000000000000000000000001857000000000000000000000000000000000000000000000000167720000000000000          0000000000000000000000000000000000000000000000000010000051
100000000000000001202500017727X28472321      0000000000428321100000000000010000001   027000000 0000000000 1806170311          00000000000010000001000000000000000975323701340001803110000180000000000000000000000000000000000000000000000000000000000000000000000000009753000000000000000000000000000000000000000000000000957320000000000000          0000000000000000000000000000000000000000000000000010000052
100000000000000001202500017727X28472321      0000000000428321200000000000010000001   027000000 0000000000 1806170311          00000000000010000001000000000000000845323701340001803110000180000000000000000000000000000000000000000000000000000000000000000000000000008453000000000000000000000000000000000000000000000000827320000000000000          0000000000000000000000000000000000000000000000000010000053
9201001          000000000000000000000000000000          000000000000000000000000000000          000000000000000000000000000000          000000000000000000000000000000                                                  000000000000000000000000000000                                                                                                                                                   000054
