02RETORNO01COBRANCA       1202500017727X284723SIND EMP DE EDIF SP ZEL PORT C001BANCO DO BRASIL2302110001870                      000001870201093102                                                                                                                                                                                                                                                       000001
100000000000000001202500017727X284723                         28472334637610000001   027000000 0000000000 1806230211          28472334637610000001000000000000000108503303310002402110000180000000000000000000000000000000000000000000000000000000000000000000000000001085000000000000000000000000000000000000000000000000090520000000000000          0000000000000000000000000000000000000000000000000010000002
9201001          000000000000000000000000000000          000000000000000000000000000000          000000000000000000000000000000          000000000000000000000000000000                                                  000000000000000000000000000000                                                                                                                                                   000003
