02RETORNO01COBRANCA       1202500017727X284723SIND EMP DE EDIF SP ZEL PORT C001BANCO DO BRASIL2203110001887                      000001887201093102                                                                                                                                                                                                                                                       000001
100000000000000001202500017727X28472321      0000000000344392500000000000010000001   027000000 0000000000 1806220311          00000000000010000001000000000000002599234143000002303110000180000000000000000000000000000000000000000000000000000000000000000000000000025992000000000000000000000000000000000000000000000002581220000000000000          0000000000000000000000000000000000000000000000000010000002
100000000000000001202500017727X28472321      0000000000344392600000000000010000001   027000000 0000000000 1806220311          00000000000010000001000000000000002112034143000002303110000180000000000000000000000000000000000000000000000000000000000000000000000000021120000000000000000000000000000000000000000000000002094020000000000000          0000000000000000000000000000000000000000000000000010000003
100000000000000001202500017727X28472321      0000000000426115000000000000010000004   027000000 0000000000 1806220311          00000000000010000004000000000000000074000148666002303110000225000000000000000000000000000000000000000000000000000000000000000000000000000814000000000007400000000000000000000000000000000000058920000000000000          0000000000000000000000000000000000000000000000000008000004
100000000000000001202500017727X28472321      0000000000426251600000000000010000001   027000000 0000000000 1806220311          00000000000010000001000000000000001439303339410002303110000180000000000000000000000000000000000000000000000000000000000000000000000000014393000000000000000000000000000000000000000000000001421320000000000000          0000000000000000000000000000000000000000000000000010000005
100000000000000001202500017727X28472321      0000000000426472500000000000010000001   027000000 0000000000 1806220311          00000000000010000001000000000000000806034191070002303110000180000000000000000000000000000000000000000000000000000000000000000000000000008060000000000000000000000000000000000000000000000000788020000000000000          0000000000000000000000000000000000000000000000000010000006
100000000000000001202500017727X28472321      0000000000426692100000000000010000001   027000000 0000000000 1806220311          00000000000010000001000000000000001422534100370002303110000180000000000000000000000000000000000000000000000000000000000000000000000000014225000000000000000000000000000000000000000000000001404520000000000000          0000000000000000000000000000000000000000000000000010000007
100000000000000001202500017727X28472321      0000000000426836100000000000010000001   027000000 0000000000 1806220311          00000000000010000001000000000000000719100118929002303110000225000000000000000000000000000000000000000000000000000000000000000000000000007191000000000000000000000000000000000000000000000000696620000000000000          0000000000000000000000000000000000000000000000000008000008
100000000000000001202500017727X28472321      0000000000426953100000000000010000001   027000000 0000000000 1806220311          00000000000010000001000000000000000403534107570002303110000180000000000000000000000000000000000000000000000000000000000000000000000000004035000000000000000000000000000000000000000000000000385520000000000000          0000000000000000000000000000000000000000000000000010000009
100000000000000001202500017727X28472321      0000000000426972900000000000010000001   027000000 0000000000 1806220311          00000000000010000001000000000000001070134108450002303110000180000000000000000000000000000000000000000000000000000000000000000000000000010701000000000000000000000000000000000000000000000001052120000000000000          0000000000000000000000000000000000000000000000000010000010
100000000000000001202500017727X28472321      0000000000426982100000000000010000001   027000000 0000000000 1806220311          00000000000010000001000000000000004232034130740002303110000180000000000000000000000000000000000000000000000000000000000000000000000000042320000000000000000000000000000000000000000000000004214020000000000000          0000000000000000000000000000000000000000000000000010000011
100000000000000001202500017727X28472321      0000000000427018200000000000010000001   027000000 0000000000 1806220311          00000000000010000001000000000000000803734130740002303110000180000000000000000000000000000000000000000000000000000000000000000000000000008037000000000000000000000000000000000000000000000000785720000000000000          0000000000000000000000000000000000000000000000000010000012
100000000000000001202500017727X28472321      0000000000427035700000000000010000001   027000000 0000000000 1806220311          00000000000010000001000000000000002589034115710002303110000180000000000000000000000000000000000000000000000000000000000000000000000000025890000000000000000000000000000000000000000000000002571020000000000000          0000000000000000000000000000000000000000000000000010000013
100000000000000001202500017727X28472321      0000000000427257400000000000010000001   027000000 0000000000 1806220311          00000000000010000001000000000000000680134130740002303110000180000000000000000000000000000000000000000000000000000000000000000000000000006801000000000000000000000000000000000000000000000000662120000000000000          0000000000000000000000000000000000000000000000000010000014
100000000000000001202500017727X28472321      0000000000427289600000000000010000001   027000000 0000000000 1806220311          00000000000010000001000000000000000196434100370002303110000180000000000000000000000000000000000000000000000000000000000000000000000000001964000000000000000000000000000000000000000000000000178420000000000000          0000000000000000000000000000000000000000000000000010000015
100000000000000001202500017727X28472321      0000000000427319900000000000010000001   027000000 0000000000 1806220311          0000000000001000000100000000000000008880010300X002303110000225000000000000000000000000000000000000000000000000000000000000000000000000000977000000000008900000000000000000000000000000000000075220000000000000          0000000000000000000000000000000000000000000000000008000016
100000000000000001202500017727X28472321      0000000000427778900000000000010000004   027000000 0000000000 1806220311          00000000000010000004000000000000001697400112033002303110000225000000000000000000000000000000000000000000000000000000000000000000000000016974000000000000000000000000000000000000000000000001674920000000000000          0000000000000000000000000000000000000000000000000008000017
100000000000000001202500017727X28472321      0000000000428308300000000000010000001   027000000 0000000000 1806220311          00000000000010000001000000000000000226303330880002303110000180000000000000000000000000000000000000000000000000000000000000000000000000002263000000000000000000000000000000000000000000000000208320000000000000          0000000000000000000000000000000000000000000000000010000018
9201001          000000000000000000000000000000          000000000000000000000000000000          000000000000000000000000000000          000000000000000000000000000000                                                  000000000000000000000000000000                                                                                                                                                   000019
