02RETORNO01COBRANCA       1202500017727X284723SIND EMP DE EDIF SP ZEL PORT C001BANCO DO BRASIL2303110001888                      000001888201093102                                                                                                                                                                                                                                                       000001
100000000000000001202500017727X28472321      0000000000343492400000000000010000001   027000000 0000000000 1806230311          00000000000010000001000000000000000528134107570002403110000180000000000000000000000000000000000000000000000000000000000000000000000000005281000000000000000000000000000000000000000000000000510120000000000000          0000000000000000000000000000000000000000000000000010000002
100000000000000001202500017727X28472321      0000000000345437000000000000010000001   027000000 0000000000 1806230311          00000000000010000001000000000000001144034106460002403110000180000000000000000000000000000000000000000000000000000000000000000000000000011440000000000000000000000000000000000000000000000001126020000000000000          0000000000000000000000000000000000000000000000000010000003
100000000000000001202500017727X28472321      0000000000426033300000000000010000001   027000000 0000000000 1806230311          00000000000010000001000000000000000080834107570002403110000180000000000000000000000000000000000000000000000000000000000000000000000000000808000000000000000000000000000000000000000000000000062820000000000000          0000000000000000000000000000000000000000000000000010000004
100000000000000001202500017727X28472321      0000000000426068800000000000010000001   027000000 0000000000 1806230311          00000000000010000001000000000000000281234107570002403110000180000000000000000000000000000000000000000000000000000000000000000000000000002812000000000000000000000000000000000000000000000000263220000000000000          0000000000000000000000000000000000000000000000000010000005
100000000000000001202500017727X28472321      0000000000426075600000000000010000001   027000000 0000000000 1806230311          00000000000010000001000000000000000074034107570002403110000180000000000000000000000000000000000000000000000000000000000000000000000000000740000000000000000000000000000000000000000000000000056020000000000000          0000000000000000000000000000000000000000000000000010000006
100000000000000001202500017727X28472321      0000000000426093500000000000010000001   027000000 0000000000 1806230311          00000000000010000001000000000000000655634101740002403110000180000000000000000000000000000000000000000000000000000000000000000000000000006556000000000000000000000000000000000000000000000000637620000000000000          0000000000000000000000000000000000000000000000000010000007
100000000000000001202500017727X28472321      0000000000426098700000000000010000001   027000000 0000000000 1806230311          00000000000010000001000000000000000080834107570002403110000180000000000000000000000000000000000000000000000000000000000000000000000000000808000000000000000000000000000000000000000000000000062820000000000000          0000000000000000000000000000000000000000000000000010000008
100000000000000001202500017727X28472321      0000000000426104600000000000010000001   027000000 0000000000 1806230311          00000000000010000001000000000000000891234103330002403110000180000000000000000000000000000000000000000000000000000000000000000000000000008912000000000000000000000000000000000000000000000000873220000000000000          0000000000000000000000000000000000000000000000000010000009
100000000000000001202500017727X28472321      0000000000426117200000000000010000001   027000000 0000000000 1806230311          00000000000010000001000000000000000671034101380002403110000180000000000000000000000000000000000000000000000000000000000000000000000000006710000000000000000000000000000000000000000000000000653020000000000000          0000000000000000000000000000000000000000000000000010000010
100000000000000001202500017727X28472321      0000000000426130400000000000010000001   027000000 0000000000 1806230311          00000000000010000001000000000000000332434129700002403110000180000000000000000000000000000000000000000000000000000000000000000000000000003324000000000000000000000000000000000000000000000000314420000000000000          0000000000000000000000000000000000000000000000000010000011
100000000000000001202500017727X28472321      0000000000426132200000000000010000001   027000000 0000000000 1806230311          00000000000010000001000000000000000113434107570002403110000180000000000000000000000000000000000000000000000000000000000000000000000000001134000000000000000000000000000000000000000000000000095420000000000000          0000000000000000000000000000000000000000000000000010000012
100000000000000001202500017727X28472321      0000000000426148000000000000010000001   027000000 0000000000 1806230311          00000000000010000001000000000000000657434107570002403110000180000000000000000000000000000000000000000000000000000000000000000000000000006574000000000000000000000000000000000000000000000000639420000000000000          0000000000000000000000000000000000000000000000000010000013
100000000000000001202500017727X28472321      0000000000426169700000000000010000001   027000000 0000000000 1806230311          00000000000010000001000000000000000153134164100002403110000180000000000000000000000000000000000000000000000000000000000000000000000000001531000000000000000000000000000000000000000000000000135120000000000000          0000000000000000000000000000000000000000000000000010000014
100000000000000001202500017727X28472321      0000000000426181900000000000010000001   027000000 0000000000 1806230311          00000000000010000001000000000000000318034107570002403110000180000000000000000000000000000000000000000000000000000000000000000000000000003180000000000000000000000000000000000000000000000000300020000000000000          0000000000000000000000000000000000000000000000000010000015
100000000000000001202500017727X28472321      0000000000426190500000000000010000001   027000000 0000000000 1806230311          00000000000010000001000000000000000099334107570002403110000180000000000000000000000000000000000000000000000000000000000000000000000000000993000000000000000000000000000000000000000000000000081320000000000000          0000000000000000000000000000000000000000000000000010000016
100000000000000001202500017727X28472321      0000000000426210400000000000010000001   027000000 0000000000 1806230311          00000000000010000001000000000000000075000157177002403110000225000000000000000000000000000000000000000000000000000000000000000000000000000825000000000007500000000000000000000000000000000000060020000000000000          0000000000000000000000000000000000000000000000000008000017
100000000000000001202500017727X28472321      0000000000426236000000000000010000001   027000000 0000000000 1806230311          00000000000010000001000000000000000309634107570002403110000180000000000000000000000000000000000000000000000000000000000000000000000000003096000000000000000000000000000000000000000000000000291620000000000000          0000000000000000000000000000000000000000000000000010000018
100000000000000001202500017727X28472321      0000000000426244700000000000010000001   027000000 0000000000 1806230311          00000000000010000001000000000000000234634107570002403110000180000000000000000000000000000000000000000000000000000000000000000000000000002346000000000000000000000000000000000000000000000000216620000000000000          0000000000000000000000000000000000000000000000000010000019
100000000000000001202500017727X28472321      0000000000426295500000000000010000001   027000000 0000000000 1806230311          00000000000010000001000000000000000313034107570002403110000180000000000000000000000000000000000000000000000000000000000000000000000000003130000000000000000000000000000000000000000000000000295020000000000000          0000000000000000000000000000000000000000000000000010000020
100000000000000001202500017727X28472321      0000000000426297800000000000010000001   027000000 0000000000 1806230311          00000000000010000001000000000000000694434107570002403110000180000000000000000000000000000000000000000000000000000000000000000000000000006944000000000000000000000000000000000000000000000000676420000000000000          0000000000000000000000000000000000000000000000000010000021
100000000000000001202500017727X28472321      0000000000426322200000000000010000001   027000000 0000000000 1806230311          00000000000010000001000000000000000232234107570002403110000180000000000000000000000000000000000000000000000000000000000000000000000000002322000000000000000000000000000000000000000000000000214220000000000000          0000000000000000000000000000000000000000000000000010000022
100000000000000001202500017727X28472321      0000000000426345500000000000010000001   027000000 0000000000 1806230311          00000000000010000001000000000000000473434107570002403110000180000000000000000000000000000000000000000000000000000000000000000000000000004734000000000000000000000000000000000000000000000000455420000000000000          0000000000000000000000000000000000000000000000000010000023
100000000000000001202500017727X28472321      0000000000426358800000000000010000001   027000000 0000000000 1806230311          00000000000010000001000000000000000472234107570002403110000180000000000000000000000000000000000000000000000000000000000000000000000000004722000000000000000000000000000000000000000000000000454220000000000000          0000000000000000000000000000000000000000000000000010000024
100000000000000001202500017727X28472321      0000000000426369100000000000010000001   027000000 0000000000 1806230311          00000000000010000001000000000000000074034107570002403110000180000000000000000000000000000000000000000000000000000000000000000000000000000740000000000000000000000000000000000000000000000000056020000000000000          0000000000000000000000000000000000000000000000000010000025
100000000000000001202500017727X28472321      0000000000426373600000000000010000001   027000000 0000000000 1806230311          00000000000010000001000000000000000037034107570002403110000180000000000000000000000000000000000000000000000000000000000000000000000000000370000000000000000000000000000000000000000000000000019020000000000000          0000000000000000000000000000000000000000000000000010000026
100000000000000001202500017727X28472321      0000000000426381200000000000010000001   027000000 0000000000 1806230311          00000000000010000001000000000000000308334107570002403110000180000000000000000000000000000000000000000000000000000000000000000000000000003083000000000000000000000000000000000000000000000000290320000000000000          0000000000000000000000000000000000000000000000000010000027
100000000000000001202500017727X28472321      0000000000426396200000000000010000001   027000000 0000000000 1806230311          0000000000001000000100000000000000012420011740X002403110000225000000000000000000000000000000000000000000000000000000000000000000000000001366000000000012400000000000000000000000000000000000114120000000000000          0000000000000000000000000000000000000000000000000008000028
100000000000000001202500017727X28472321      0000000000426405400000000000010000001   027000000 0000000000 1806230311          00000000000010000001000000000000000373834107570002403110000180000000000000000000000000000000000000000000000000000000000000000000000000003738000000000000000000000000000000000000000000000000355820000000000000          0000000000000000000000000000000000000000000000000010000029
100000000000000001202500017727X28472321      0000000000426409000000000000010000001   027000000 0000000000 1806230311          00000000000010000001000000000000000444834107570002403110000180000000000000000000000000000000000000000000000000000000000000000000000000004448000000000000000000000000000000000000000000000000426820000000000000          0000000000000000000000000000000000000000000000000010000030
100000000000000001202500017727X28472321      0000000000426503600000000000010000001   027000000 0000000000 1806230311          00000000000010000001000000000000000372434107570002403110000180000000000000000000000000000000000000000000000000000000000000000000000000003724000000000000000000000000000000000000000000000000354420000000000000          0000000000000000000000000000000000000000000000000010000031
100000000000000001202500017727X28472321      0000000000426515200000000000010000001   027000000 0000000000 1806230311          00000000000010000001000000000000000148034107570002403110000180000000000000000000000000000000000000000000000000000000000000000000000000001480000000000000000000000000000000000000000000000000130020000000000000          0000000000000000000000000000000000000000000000000010000032
100000000000000001202500017727X28472321      0000000000426515900000000000010000001   027000000 0000000000 1806230311          00000000000010000001000000000000000110634107570002403110000180000000000000000000000000000000000000000000000000000000000000000000000000001106000000000000000000000000000000000000000000000000092620000000000000          0000000000000000000000000000000000000000000000000010000033
100000000000000001202500017727X28472321      0000000000426533700000000000010000001   027000000 0000000000 1806230311          00000000000010000001000000000000000494334107570002403110000180000000000000000000000000000000000000000000000000000000000000000000000000004943000000000000000000000000000000000000000000000000476320000000000000          0000000000000000000000000000000000000000000000000010000034
100000000000000001202500017727X28472321      0000000000426684000000000000010000001   027000000 0000000000 1806230311          00000000000010000001000000000000000091734107570002403110000180000000000000000000000000000000000000000000000000000000000000000000000000000917000000000000000000000000000000000000000000000000073720000000000000          0000000000000000000000000000000000000000000000000010000035
100000000000000001202500017727X28472321      0000000000426690300000000000010000001   027000000 0000000000 1806230311          00000000000010000001000000000000000158234107570002403110000180000000000000000000000000000000000000000000000000000000000000000000000000001582000000000000000000000000000000000000000000000000140220000000000000          0000000000000000000000000000000000000000000000000010000036
100000000000000001202500017727X28472321      0000000000426719600000000000010000001   027000000 0000000000 1806230311          00000000000010000001000000000000000179634107570002403110000180000000000000000000000000000000000000000000000000000000000000000000000000001796000000000000000000000000000000000000000000000000161620000000000000          0000000000000000000000000000000000000000000000000010000037
100000000000000001202500017727X28472321      0000000000426757000000000000010000001   027000000 0000000000 1806230311          00000000000010000001000000000000000875734107570002403110000180000000000000000000000000000000000000000000000000000000000000000000000000008757000000000000000000000000000000000000000000000000857720000000000000          0000000000000000000000000000000000000000000000000010000038
100000000000000001202500017727X28472321      0000000000426863100000000000010000001   027000000 0000000000 1806230311          00000000000010000001000000000000000715534107570002403110000180000000000000000000000000000000000000000000000000000000000000000000000000007155000000000000000000000000000000000000000000000000697520000000000000          0000000000000000000000000000000000000000000000000010000039
100000000000000001202500017727X28472321      0000000000426871800000000000010000001   027000000 0000000000 1806230311          00000000000010000001000000000000000649634103680002403110000180000000000000000000000000000000000000000000000000000000000000000000000000006496000000000000000000000000000000000000000000000000631620000000000000          0000000000000000000000000000000000000000000000000010000040
100000000000000001202500017727X28472321      0000000000426885700000000000010000001   027000000 0000000000 1806230311          00000000000010000001000000000000000203234107570002403110000180000000000000000000000000000000000000000000000000000000000000000000000000002032000000000000000000000000000000000000000000000000185220000000000000          0000000000000000000000000000000000000000000000000010000041
100000000000000001202500017727X28472321      0000000000426915600000000000010000001   027000000 0000000000 1806230311          00000000000010000001000000000000000080834107570002403110000180000000000000000000000000000000000000000000000000000000000000000000000000000808000000000000000000000000000000000000000000000000062820000000000000          0000000000000000000000000000000000000000000000000010000042
100000000000000001202500017727X28472321      0000000000426922300000000000010000001   027000000 0000000000 1806230311          00000000000010000001000000000000000167634106410002403110000180000000000000000000000000000000000000000000000000000000000000000000000000001676000000000000000000000000000000000000000000000000149620000000000000          0000000000000000000000000000000000000000000000000010000043
100000000000000001202500017727X28472321      0000000000426930200000000000010000001   027000000 0000000000 1806230311          00000000000010000001000000000000000105034107570002403110000180000000000000000000000000000000000000000000000000000000000000000000000000001050000000000000000000000000000000000000000000000000087020000000000000          0000000000000000000000000000000000000000000000000010000044
100000000000000001202500017727X28472321      0000000000426945300000000000010000001   027000000 0000000000 1806230311          00000000000010000001000000000000000440034107570002403110000180000000000000000000000000000000000000000000000000000000000000000000000000004400000000000000000000000000000000000000000000000000422020000000000000          0000000000000000000000000000000000000000000000000010000045
100000000000000001202500017727X28472321      0000000000426949500000000000010000001   027000000 0000000000 1806230311          00000000000010000001000000000000000498634107570002403110000180000000000000000000000000000000000000000000000000000000000000000000000000004986000000000000000000000000000000000000000000000000480620000000000000          0000000000000000000000000000000000000000000000000010000046
100000000000000001202500017727X28472321      0000000000426962700000000000010000001   027000000 0000000000 1806230311          00000000000010000001000000000000000195023737900002403110000180000000000000000000000000000000000000000000000000000000000000000000000000001950000000000000000000000000000000000000000000000000177020000000000000          0000000000000000000000000000000000000000000000000010000047
100000000000000001202500017727X28472321      0000000000427003100000000000010000001   027000000 0000000000 1806230311          00000000000010000001000000000000000911034107570002403110000180000000000000000000000000000000000000000000000000000000000000000000000000009110000000000000000000000000000000000000000000000000893020000000000000          0000000000000000000000000000000000000000000000000010000048
100000000000000001202500017727X28472321      0000000000427034000000000000010000001   027000000 0000000000 1806230311          00000000000010000001000000000000000080834107570002403110000180000000000000000000000000000000000000000000000000000000000000000000000000000808000000000000000000000000000000000000000000000000062820000000000000          0000000000000000000000000000000000000000000000000010000049
100000000000000001202500017727X28472321      0000000000427049600000000000010000001   027000000 0000000000 1806230311          00000000000010000001000000000000000037034107570002403110000180000000000000000000000000000000000000000000000000000000000000000000000000000370000000000000000000000000000000000000000000000000019020000000000000          0000000000000000000000000000000000000000000000000010000050
100000000000000001202500017727X28472321      0000000000427070600000000000010000001   027000000 0000000000 1806230311          00000000000010000001000000000000001299134106410002403110000180000000000000000000000000000000000000000000000000000000000000000000000000012991000000000000000000000000000000000000000000000001281120000000000000          0000000000000000000000000000000000000000000000000010000051
100000000000000001202500017727X28472321      0000000000427072300000000000010000001   027000000 0000000000 1806230311          00000000000010000001000000000000001122634107570002403110000180000000000000000000000000000000000000000000000000000000000000000000000000011226000000000000000000000000000000000000000000000001104620000000000000          0000000000000000000000000000000000000000000000000010000052
100000000000000001202500017727X28472321      0000000000427085700000000000010000001   027000000 0000000000 1806230311          00000000000010000001000000000000000855534106410002403110000180000000000000000000000000000000000000000000000000000000000000000000000000008555000000000000000000000000000000000000000000000000837520000000000000          0000000000000000000000000000000000000000000000000010000053
100000000000000001202500017727X28472321      0000000000427088800000000000010000001   027000000 0000000000 1806230311          00000000000010000001000000000000000123234164100002403110000180000000000000000000000000000000000000000000000000000000000000000000000000001232000000000000000000000000000000000000000000000000105220000000000000          0000000000000000000000000000000000000000000000000010000054
100000000000000001202500017727X28472321      0000000000427111700000000000010000001   027000000 0000000000 1806230311          00000000000010000001000000000000000480934106410002403110000180000000000000000000000000000000000000000000000000000000000000000000000000004809000000000000000000000000000000000000000000000000462920000000000000          0000000000000000000000000000000000000000000000000010000055
100000000000000001202500017727X28472321      0000000000427142500000000000010000001   027000000 0000000000 1806230311          00000000000010000001000000000000000737434107570002403110000180000000000000000000000000000000000000000000000000000000000000000000000000007374000000000000000000000000000000000000000000000000719420000000000000          0000000000000000000000000000000000000000000000000010000056
100000000000000001202500017727X28472321      0000000000427164700000000000010000001   027000000 0000000000 1806230311          00000000000010000001000000000000000097734107570002403110000180000000000000000000000000000000000000000000000000000000000000000000000000000977000000000000000000000000000000000000000000000000079720000000000000          0000000000000000000000000000000000000000000000000010000057
100000000000000001202500017727X28472321      0000000000427183000000000000010000001   027000000 0000000000 1806230311          00000000000010000001000000000000000438734100370002403110000180000000000000000000000000000000000000000000000000000000000000000000000000004387000000000000000000000000000000000000000000000000420720000000000000          0000000000000000000000000000000000000000000000000010000058
100000000000000001202500017727X28472321      0000000000427188000000000000010000001   027000000 0000000000 1806230311          00000000000010000001000000000000000086434155910002403110000180000000000000000000000000000000000000000000000000000000000000000000000000000864000000000000000000000000000000000000000000000000068420000000000000          0000000000000000000000000000000000000000000000000010000059
100000000000000001202500017727X28472321      0000000000427208300000000000010000001   027000000 0000000000 1806230311          00000000000010000001000000000000000444834107570002403110000180000000000000000000000000000000000000000000000000000000000000000000000000004448000000000000000000000000000000000000000000000000426820000000000000          0000000000000000000000000000000000000000000000000010000060
100000000000000001202500017727X28472321      0000000000427213100000000000010000001   027000000 0000000000 1806230311          00000000000010000001000000000000000101303304570002403110000180000000000000000000000000000000000000000000000000000000000000000000000000001013000000000000000000000000000000000000000000000000083320000000000000          0000000000000000000000000000000000000000000000000010000061
100000000000000001202500017727X28472321      0000000000427254800000000000010000001   027000000 0000000000 1806230311          00000000000010000001000000000000000294034106410002403110000180000000000000000000000000000000000000000000000000000000000000000000000000002940000000000000000000000000000000000000000000000000276020000000000000          0000000000000000000000000000000000000000000000000010000062
100000000000000001202500017727X28472321      0000000000427274800000000000010000001   027000000 0000000000 1806230311          00000000000010000001000000000000001818834107570002403110000180000000000000000000000000000000000000000000000000000000000000000000000000018188000000000000000000000000000000000000000000000001800820000000000000          0000000000000000000000000000000000000000000000000010000063
100000000000000001202500017727X28472321      0000000000427285000000000000010000001   027000000 0000000000 1806230311          00000000000010000001000000000000000681134106410002403110000180000000000000000000000000000000000000000000000000000000000000000000000000006811000000000000000000000000000000000000000000000000663120000000000000          0000000000000000000000000000000000000000000000000010000064
100000000000000001202500017727X28472321      0000000000427323500000000000010000001   027000000 0000000000 1806230311          00000000000010000001000000000000001073634106410002403110000180000000000000000000000000000000000000000000000000000000000000000000000000010736000000000000000000000000000000000000000000000001055620000000000000          0000000000000000000000000000000000000000000000000010000065
100000000000000001202500017727X28472321      0000000000427350000000000000010000001   027000000 0000000000 1806230311          00000000000010000001000000000000000138534106410002403110000180000000000000000000000000000000000000000000000000000000000000000000000000001385000000000000000000000000000000000000000000000000120520000000000000          0000000000000000000000000000000000000000000000000010000066
100000000000000001202500017727X28472321      0000000000427353700000000000010000001   027000000 0000000000 1806230311          00000000000010000001000000000000000823434107570002403110000180000000000000000000000000000000000000000000000000000000000000000000000000008234000000000000000000000000000000000000000000000000805420000000000000          0000000000000000000000000000000000000000000000000010000067
100000000000000001202500017727X28472321      0000000000427362700000000000010000001   027000000 0000000000 1806230311          00000000000010000001000000000000000095423717560002403110000180000000000000000000000000000000000000000000000000000000000000000000000000000954000000000000000000000000000000000000000000000000077420000000000000          0000000000000000000000000000000000000000000000000010000068
100000000000000001202500017727X28472321      0000000000427431400000000000010000001   027000000 0000000000 1806230311          00000000000010000001000000000000000840834107570002403110000180000000000000000000000000000000000000000000000000000000000000000000000000008408000000000000000000000000000000000000000000000000822820000000000000          0000000000000000000000000000000000000000000000000010000069
100000000000000001202500017727X28472321      0000000000427442700000000000010000001   027000000 0000000000 1806230311          00000000000010000001000000000000000590034107570002403110000180000000000000000000000000000000000000000000000000000000000000000000000000005900000000000000000000000000000000000000000000000000572020000000000000          0000000000000000000000000000000000000000000000000010000070
100000000000000001202500017727X28472321      0000000000427463800000000000010000001   027000000 0000000000 1806230311          00000000000010000001000000000000000406734102530002403110000180000000000000000000000000000000000000000000000000000000000000000000000000004067000000000000000000000000000000000000000000000000388720000000000000          0000000000000000000000000000000000000000000000000010000071
100000000000000001202500017727X28472321      0000000000427486900000000000010000001   027000000 0000000000 1806230311          00000000000010000001000000000000000518034107570002403110000180000000000000000000000000000000000000000000000000000000000000000000000000005180000000000000000000000000000000000000000000000000500020000000000000          0000000000000000000000000000000000000000000000000010000072
100000000000000001202500017727X28472321      0000000000427554800000000000010000001   027000000 0000000000 1806230311          00000000000010000001000000000000000283200112017002403110000225000000000000000000000000000000000000000000000000000000000000000000000000002832000000000000000000000000000000000000000000000000260720000000000000          0000000000000000000000000000000000000000000000000008000073
100000000000000001202500017727X28472321      0000000000427588200000000000010000001   027000000 0000000000 1806230311          00000000000010000001000000000000000495934107570002403110000180000000000000000000000000000000000000000000000000000000000000000000000000004959000000000000000000000000000000000000000000000000477920000000000000          0000000000000000000000000000000000000000000000000010000074
100000000000000001202500017727X28472321      0000000000427588400000000000010000001   027000000 0000000000 1806230311          00000000000010000001000000000000000751734107570002403110000180000000000000000000000000000000000000000000000000000000000000000000000000007517000000000000000000000000000000000000000000000000733720000000000000          0000000000000000000000000000000000000000000000000010000075
100000000000000001202500017727X28472321      0000000000427588500000000000010000001   027000000 0000000000 1806230311          00000000000010000001000000000000000358234107570002403110000180000000000000000000000000000000000000000000000000000000000000000000000000003582000000000000000000000000000000000000000000000000340220000000000000          0000000000000000000000000000000000000000000000000010000076
100000000000000001202500017727X28472321      0000000000427588600000000000010000001   027000000 0000000000 1806230311          00000000000010000001000000000000000243334107570002403110000180000000000000000000000000000000000000000000000000000000000000000000000000002433000000000000000000000000000000000000000000000000225320000000000000          0000000000000000000000000000000000000000000000000010000077
100000000000000001202500017727X28472321      0000000000427588700000000000010000001   027000000 0000000000 1806230311          00000000000010000001000000000000000610234107570002403110000180000000000000000000000000000000000000000000000000000000000000000000000000006102000000000000000000000000000000000000000000000000592220000000000000          0000000000000000000000000000000000000000000000000010000078
100000000000000001202500017727X28472321      0000000000427588900000000000010000001   027000000 0000000000 1806230311          00000000000010000001000000000000000074034107570002403110000180000000000000000000000000000000000000000000000000000000000000000000000000000740000000000000000000000000000000000000000000000000056020000000000000          0000000000000000000000000000000000000000000000000010000079
100000000000000001202500017727X28472321      0000000000427605700000000000010000001   027000000 0000000000 1806230311          00000000000010000001000000000000000080834107570002403110000180000000000000000000000000000000000000000000000000000000000000000000000000000808000000000000000000000000000000000000000000000000062820000000000000          0000000000000000000000000000000000000000000000000010000080
100000000000000001202500017727X28472321      0000000000427612100000000000010000001   027000000 0000000000 1806230311          00000000000010000001000000000000000375934107570002403110000180000000000000000000000000000000000000000000000000000000000000000000000000003759000000000000000000000000000000000000000000000000357920000000000000          0000000000000000000000000000000000000000000000000010000081
100000000000000001202500017727X28472321      0000000000427633100000000000010000001   027000000 0000000000 1806230311          00000000000010000001000000000000000153434107570002403110000180000000000000000000000000000000000000000000000000000000000000000000000000001534000000000000000000000000000000000000000000000000135420000000000000          0000000000000000000000000000000000000000000000000010000082
100000000000000001202500017727X28472321      0000000000427658500000000000010000001   027000000 0000000000 1806230311          00000000000010000001000000000000000422934107570002403110000180000000000000000000000000000000000000000000000000000000000000000000000000004229000000000000000000000000000000000000000000000000404920000000000000          0000000000000000000000000000000000000000000000000010000083
100000000000000001202500017727X28472321      0000000000427666800000000000010000001   027000000 0000000000 1806230311          00000000000010000001000000000000000627534107570002403110000180000000000000000000000000000000000000000000000000000000000000000000000000006275000000000000000000000000000000000000000000000000609520000000000000          0000000000000000000000000000000000000000000000000010000084
100000000000000001202500017727X28472321      0000000000427692900000000000010000001   027000000 0000000000 1806230311          00000000000010000001000000000000002085934106410002403110000180000000000000000000000000000000000000000000000000000000000000000000000000020859000000000000000000000000000000000000000000000002067920000000000000          0000000000000000000000000000000000000000000000000010000085
100000000000000001202500017727X28472321      0000000000427708400000000000010000001   027000000 0000000000 1806230311          00000000000010000001000000000000000397234107570002403110000180000000000000000000000000000000000000000000000000000000000000000000000000003972000000000000000000000000000000000000000000000000379220000000000000          0000000000000000000000000000000000000000000000000010000086
100000000000000001202500017727X28472321      0000000000427760800000000000010000001   027000000 0000000000 1806230311          00000000000010000001000000000000001098634106410002403110000180000000000000000000000000000000000000000000000000000000000000000000000000010986000000000000000000000000000000000000000000000001080620000000000000          0000000000000000000000000000000000000000000000000010000087
100000000000000001202500017727X28472321      0000000000427793300000000000010000001   027000000 0000000000 1806230311          00000000000010000001000000000000000083234107570002403110000180000000000000000000000000000000000000000000000000000000000000000000000000000832000000000000000000000000000000000000000000000000065220000000000000          0000000000000000000000000000000000000000000000000010000088
100000000000000001202500017727X28472321      0000000000427793400000000000010000001   027000000 0000000000 1806230311          00000000000010000001000000000000000137434107570002403110000180000000000000000000000000000000000000000000000000000000000000000000000000001374000000000000000000000000000000000000000000000000119420000000000000          0000000000000000000000000000000000000000000000000010000089
100000000000000001202500017727X28472321      0000000000427802700000000000010000001   027000000 0000000000 1806230311          00000000000010000001000000000000000236734106410002403110000180000000000000000000000000000000000000000000000000000000000000000000000000002367000000000000000000000000000000000000000000000000218720000000000000          0000000000000000000000000000000000000000000000000010000090
100000000000000001202500017727X28472321      0000000000427817600000000000010000001   027000000 0000000000 1806230311          00000000000010000001000000000000001605003306630002403110000180000000000000000000000000000000000000000000000000000000000000000000000000016050000000000000000000000000000000000000000000000001587020000000000000          0000000000000000000000000000000000000000000000000010000091
100000000000000001202500017727X28472321      0000000000427969700000000000010000001   027000000 0000000000 1806230311          00000000000010000001000000000000000080803334110002403110000180000000000000000000000000000000000000000000000000000000000000000000000000000808000000000000000000000000000000000000000000000000062820000000000000          0000000000000000000000000000000000000000000000000010000092
100000000000000001202500017727X28472321      0000000000427987500000000000010000001   027000000 0000000000 1806230311          00000000000010000001000000000000000130034106410002403110000180000000000000000000000000000000000000000000000000000000000000000000000000001300000000000000000000000000000000000000000000000000112020000000000000          0000000000000000000000000000000000000000000000000010000093
100000000000000001202500017727X28472321      0000000000428104900000000000010000001   027000000 0000000000 1806230311          00000000000010000001000000000000000148234107570002403110000180000000000000000000000000000000000000000000000000000000000000000000000000001482000000000000000000000000000000000000000000000000130220000000000000          0000000000000000000000000000000000000000000000000010000094
9201001          000000000000000000000000000000          000000000000000000000000000000          000000000000000000000000000000          000000000000000000000000000000                                                  000000000000000000000000000000                                                                                                                                                   000095
