02RETORNO01COBRANCA       1202500017727X284723SIND EMP DE EDIF SP ZEL PORT C001BANCO DO BRASIL1003110001879                      000001879201093102                                                                                                                                                                                                                                                       000001
100000000000000001202500017727X28472321      0000000000398187500000000000010000001   027000000 0000000000 1806100311          00000000000010000001000000000000000089234129610001103110000180000000000000000000000000000000000000000000000000000000000000000000000000000892000000000000000000000000000000000000000000000000071220000000000000          0000000000000000000000000000000000000000000000000010000002
100000000000000001202500017727X28472321      0000000000425992800000000000010000001   027000000 0000000000 1806100311          00000000000010000001000000000000000121834106600001103110000180000000000000000000000000000000000000000000000000000000000000000000000000001218000000000000000000000000000000000000000000000000103820000000000000          0000000000000000000000000000000000000000000000000010000003
100000000000000001202500017727X28472321      0000000000425993800000000000010000001   027000000 0000000000 1806100311          00000000000010000001000000000000001609223710740001103110000180000000000000000000000000000000000000000000000000000000000000000000000000016092000000000000000000000000000000000000000000000001591220000000000000          0000000000000000000000000000000000000000000000000010000004
100000000000000001202500017727X28472321      0000000000426026100000000000010000001   027000000 0000000000 1806100311          00000000000010000001000000000000000092500143060001103110000225000000000000000000000000000000000000000000000000000000000000000000000000001017000000000009200000000000000000000000000000000000079220000000000000          0000000000000000000000000000000000000000000000000008000005
100000000000000001202500017727X28472321      0000000000426033100000000000010000001   027000000 0000000000 1806100311          00000000000010000001000000000000000186334110240001103110000180000000000000000000000000000000000000000000000000000000000000000000000000001863000000000000000000000000000000000000000000000000168320000000000000          0000000000000000000000000000000000000000000000000010000006
100000000000000001202500017727X28472321      0000000000426052000000000000010000001   027000000 0000000000 1806100311          00000000000010000001000000000000001025803331030001103110000180000000000000000000000000000000000000000000000000000000000000000000000000010258000000000000000000000000000000000000000000000001007820000000000000          0000000000000000000000000000000000000000000000000010000007
100000000000000001202500017727X28472321      0000000000426077300000000000010000001   027000000 0000000000 1806100311          00000000000010000001000000000000000497134101520001103110000180000000000000000000000000000000000000000000000000000000000000000000000000004971000000000000000000000000000000000000000000000000479120000000000000          0000000000000000000000000000000000000000000000000010000008
100000000000000001202500017727X28472321      0000000000426106200000000000010000001   027000000 0000000000 1806100311          00000000000010000001000000000000000080800168500001103110000225000000000000000000000000000000000000000000000000000000000000000000000000000888000000000008000000000000000000000000000000000000066320000000000000          0000000000000000000000000000000000000000000000000008000009
100000000000000001202500017727X28472321      0000000000426118000000000000010000001   027000000 0000000000 1806100311          00000000000010000001000000000000000489334116610001103110000180000000000000000000000000000000000000000000000000000000000000000000000000004893000000000000000000000000000000000000000000000000471320000000000000          0000000000000000000000000000000000000000000000000010000010
100000000000000001202500017727X28472321      0000000000426179200000000000010000001   027000000 0000000000 1806100311          00000000000010000001000000000000000097323722070001103110000180000000000000000000000000000000000000000000000000000000000000000000000000000973000000000000000000000000000000000000000000000000079320000000000000          0000000000000000000000000000000000000000000000000010000011
100000000000000001202500017727X28472321      0000000000426180100000000000010000001   027000000 0000000000 1806100311          00000000000010000001000000000000001104834107540001103110000180000000000000000000000000000000000000000000000000000000000000000000000000011048000000000000000000000000000000000000000000000001086820000000000000          0000000000000000000000000000000000000000000000000010000012
100000000000000001202500017727X28472321      0000000000426209000000000000010000001   027000000 0000000000 1806100311          00000000000010000001000000000000001170323708980001103110000180000000000000000000000000000000000000000000000000000000000000000000000000011703000000000000000000000000000000000000000000000001152320000000000000          0000000000000000000000000000000000000000000000000010000013
100000000000000001202500017727X28472321      0000000000426220800000000000010000001   027000000 0000000000 1806100311          00000000000010000001000000000000000235934180200001103110000180000000000000000000000000000000000000000000000000000000000000000000000000002359000000000000000000000000000000000000000000000000217920000000000000          0000000000000000000000000000000000000000000000000010000014
100000000000000001202500017727X28472321      0000000000426233900000000000010000001   027000000 0000000000 1806100311          00000000000010000001000000000000001918003338270001103110000180000000000000000000000000000000000000000000000000000000000000000000000000019180000000000000000000000000000000000000000000000001900020000000000000          0000000000000000000000000000000000000000000000000010000015
100000000000000001202500017727X28472321      0000000000426276200000000000010000001   027000000 0000000000 1806100311          00000000000010000001000000000000001498423701280001103110000180000000000000000000000000000000000000000000000000000000000000000000000000014984000000000000000000000000000000000000000000000001480420000000000000          0000000000000000000000000000000000000000000000000010000016
100000000000000001202500017727X28472321      0000000000426284500000000000010000001   027000000 0000000000 1806100311          00000000000010000001000000000000000718434100770001103110000180000000000000000000000000000000000000000000000000000000000000000000000000007184000000000000000000000000000000000000000000000000700420000000000000          0000000000000000000000000000000000000000000000000010000017
100000000000000001202500017727X28472321      0000000000426373500000000000010000001   027000000 0000000000 1806100311          00000000000010000001000000000000000370003338270001103110000180000000000000000000000000000000000000000000000000000000000000000000000000003700000000000000000000000000000000000000000000000000352020000000000000          0000000000000000000000000000000000000000000000000010000018
100000000000000001202500017727X28472321      0000000000426508000000000000010000001   027000000 0000000000 1806100311          00000000000010000001000000000000000209900130236001103110000225000000000000000000000000000000000000000000000000000000000000000000000000002308000000000020900000000000000000000000000000000000208320000000000000          0000000000000000000000000000000000000000000000000008000019
100000000000000001202500017727X28472321      0000000000426513300000000000010000001   027000000 0000000000 1806100311          00000000000010000001000000000000000518134188860001103110000180000000000000000000000000000000000000000000000000000000000000000000000000005181000000000000000000000000000000000000000000000000500120000000000000          0000000000000000000000000000000000000000000000000010000020
100000000000000001202500017727X28472321      0000000000426532400000000000010000001   027000000 0000000000 1806100311          00000000000010000001000000000000000843634103680001103110000180000000000000000000000000000000000000000000000000000000000000000000000000008436000000000000000000000000000000000000000000000000825620000000000000          0000000000000000000000000000000000000000000000000010000021
100000000000000001202500017727X28472321      0000000000426575900000000000010000001   027000000 0000000000 1806100311          00000000000010000001000000000000000107534103600001103110000180000000000000000000000000000000000000000000000000000000000000000000000000001075000000000000000000000000000000000000000000000000089520000000000000          0000000000000000000000000000000000000000000000000010000022
100000000000000001202500017727X28472321      0000000000426588200000000000010000001   027000000 0000000000 1806100311          00000000000010000001000000000000000674823704970001103110000180000000000000000000000000000000000000000000000000000000000000000000000000006748000000000000000000000000000000000000000000000000656820000000000000          0000000000000000000000000000000000000000000000000010000023
100000000000000001202500017727X28472321      0000000000426600400000000000010000001   027000000 0000000000 1806100311          00000000000010000001000000000000000643900169140001103110000225000000000000000000000000000000000000000000000000000000000000000000000000006439000000000000000000000000000000000000000000000000621420000000000000          0000000000000000000000000000000000000000000000000008000024
100000000000000001202500017727X28472321      0000000000426794900000000000010000001   027000000 0000000000 1806100311          00000000000010000001000000000000000080800118120001103110000225000000000000000000000000000000000000000000000000000000000000000000000000000888000000000008000000000000000000000000000000000000066320000000000000          0000000000000000000000000000000000000000000000000008000025
100000000000000001202500017727X28472321      0000000000426796400000000000010000001   027000000 0000000000 1806100311          00000000000010000001000000000000000351010440110001103110000180000000000000000000000000000000000000000000000000000000000000000000000000003510000000000000000000000000000000000000000000000000333020000000000000          0000000000000000000000000000000000000000000000000010000026
100000000000000001202500017727X28472321      0000000000426804300000000000010000001   027000000 0000000000 1806100311          00000000000010000001000000000000001571800170017001103110000225000000000000000000000000000000000000000000000000000000000000000000000000015718000000000000000000000000000000000000000000000001549320000000000000          0000000000000000000000000000000000000000000000000008000027
100000000000000001202500017727X28472321      0000000000426810500000000000010000001   027000000 0000000000 1806100311          00000000000010000001000000000000000582400105835001103110000225000000000000000000000000000000000000000000000000000000000000000000000000006406000000000058200000000000000000000000000000000000618120000000000000          0000000000000000000000000000000000000000000000000008000028
100000000000000001202500017727X28472321      0000000000426879500000000000010000004   027000000 0000000000 1806100311          0000000000001000000400000000000000137570010300X001103110000225000000000000000000000000000000000000000000000000000000000000000000000000015132000000000137500000000000000000000000000000000001490720000000000000          0000000000000000000000000000000000000000000000000008000029
100000000000000001202500017727X28472321      0000000000426914600000000000010000001   027000000 0000000000 1806100311          00000000000010000001000000000000000560423731300001103110000180000000000000000000000000000000000000000000000000000000000000000000000000005604000000000000000000000000000000000000000000000000542420000000000000          0000000000000000000000000000000000000000000000000010000030
100000000000000001202500017727X28472321      0000000000426969500000000000010000001   027000000 0000000000 1806100311          00000000000010000001000000000000000079423730900001103110000180000000000000000000000000000000000000000000000000000000000000000000000000000794000000000000000000000000000000000000000000000000061420000000000000          0000000000000000000000000000000000000000000000000010000031
100000000000000001202500017727X28472321      0000000000426972500000000000010000001   027000000 0000000000 1806100311          00000000000010000001000000000000001318503331030001103110000180000000000000000000000000000000000000000000000000000000000000000000000000013185000000000000000000000000000000000000000000000001300520000000000000          0000000000000000000000000000000000000000000000000010000032
100000000000000001202500017727X28472321      0000000000427009600000000000010000001   027000000 0000000000 1806100311          00000000000010000001000000000000000418523737900001103110000180000000000000000000000000000000000000000000000000000000000000000000000000004185000000000000000000000000000000000000000000000000400520000000000000          0000000000000000000000000000000000000000000000000010000033
100000000000000001202500017727X28472321      0000000000427031700000000000010000004   027000000 0000000000 1806100311          00000000000010000004000000000000000753800157177001103110000225000000000000000000000000000000000000000000000000000000000000000000000000008292000000000075400000000000000000000000000000000000806720000000000000          0000000000000000000000000000000000000000000000000008000034
100000000000000001202500017727X28472321      0000000000427104200000000000010000001   027000000 0000000000 1806100311          00000000000010000001000000000000000807303331030001103110000180000000000000000000000000000000000000000000000000000000000000000000000000008073000000000000000000000000000000000000000000000000789320000000000000          0000000000000000000000000000000000000000000000000010000035
100000000000000001202500017727X28472321      0000000000427162800000000000010000001   027000000 0000000000 1806100311          00000000000010000001000000000000001278523700970001103110000180000000000000000000000000000000000000000000000000000000000000000000000000012785000000000000000000000000000000000000000000000001260520000000000000          0000000000000000000000000000000000000000000000000010000036
100000000000000001202500017727X28472321      0000000000427171200000000000010000001   027000000 0000000000 1806100311          00000000000010000001000000000000001759734116080001103110000180000000000000000000000000000000000000000000000000000000000000000000000000017597000000000000000000000000000000000000000000000001741720000000000000          0000000000000000000000000000000000000000000000000010000037
100000000000000001202500017727X28472321      0000000000427171600000000000010000001   027000000 0000000000 1806100311          00000000000010000001000000000000001176434101960001103110000180000000000000000000000000000000000000000000000000000000000000000000000000011764000000000000000000000000000000000000000000000001158420000000000000          0000000000000000000000000000000000000000000000000010000038
100000000000000001202500017727X28472321      0000000000427237400000000000010000001   027000000 0000000000 1806100311          00000000000010000001000000000000000127434129610001103110000180000000000000000000000000000000000000000000000000000000000000000000000000001274000000000000000000000000000000000000000000000000109420000000000000          0000000000000000000000000000000000000000000000000010000039
100000000000000001202500017727X28472321      0000000000427315600000000000010000001   027000000 0000000000 1806100311          00000000000010000001000000000000000164100135483001103110000225000000000000000000000000000000000000000000000000000000000000000000000000001641000000000000000000000000000000000000000000000000141620000000000000          0000000000000000000000000000000000000000000000000008000040
100000000000000001202500017727X28472321      0000000000427318000000000000010000001   027000000 0000000000 1806100311          00000000000010000001000000000000001935003338270001103110000180000000000000000000000000000000000000000000000000000000000000000000000000019350000000000000000000000000000000000000000000000001917020000000000000          0000000000000000000000000000000000000000000000000010000041
100000000000000001202500017727X28472321      0000000000427406700000000000010000001   027000000 0000000000 1806100311          00000000000010000001000000000000000428923728710001103110000180000000000000000000000000000000000000000000000000000000000000000000000000004289000000000000000000000000000000000000000000000000410920000000000000          0000000000000000000000000000000000000000000000000010000042
100000000000000001202500017727X28472321      0000000000427422300000000000010000001   027000000 0000000000 1806100311          00000000000010000001000000000000000358634130360001103110000180000000000000000000000000000000000000000000000000000000000000000000000000003586000000000000000000000000000000000000000000000000340620000000000000          0000000000000000000000000000000000000000000000000010000043
100000000000000001202500017727X28472321      0000000000427447800000000000010000001   027000000 0000000000 1806100311          00000000000010000001000000000000000863700148666001103110000225000000000000000000000000000000000000000000000000000000000000000000000000009500000000000086300000000000000000000000000000000000927520000000000000          0000000000000000000000000000000000000000000000000008000044
100000000000000001202500017727X28472321      0000000000427471500000000000010000001   027000000 0000000000 1806100311          00000000000010000001000000000000001427234106600001103110000180000000000000000000000000000000000000000000000000000000000000000000000000014272000000000000000000000000000000000000000000000001409220000000000000          0000000000000000000000000000000000000000000000000010000045
100000000000000001202500017727X28472321      0000000000427513800000000000010000001   027000000 0000000000 1806100311          00000000000010000001000000000000000351334101520001103110000180000000000000000000000000000000000000000000000000000000000000000000000000003513000000000000000000000000000000000000000000000000333320000000000000          0000000000000000000000000000000000000000000000000010000046
100000000000000001202500017727X28472321      0000000000427604400000000000010000001   027000000 0000000000 1806100311          00000000000010000001000000000000000367903330870001103110000180000000000000000000000000000000000000000000000000000000000000000000000000003679000000000000000000000000000000000000000000000000349920000000000000          0000000000000000000000000000000000000000000000000010000047
100000000000000001202500017727X28472321      0000000000427658800000000000010000001   027000000 0000000000 1806100311          00000000000010000001000000000000000643834171960001103110000180000000000000000000000000000000000000000000000000000000000000000000000000006438000000000000000000000000000000000000000000000000625820000000000000          0000000000000000000000000000000000000000000000000010000048
100000000000000001202500017727X28472321      0000000000427659900000000000010000001   027000000 0000000000 1806100311          00000000000010000001000000000000000339100157177001103110000225000000000000000000000000000000000000000000000000000000000000000000000000003730000000000033900000000000000000000000000000000000350520000000000000          0000000000000000000000000000000000000000000000000008000049
100000000000000001202500017727X28472321      0000000000427690300000000000010000001   027000000 0000000000 1806100311          00000000000010000001000000000000001139223704200001103110000180000000000000000000000000000000000000000000000000000000000000000000000000011392000000000000000000000000000000000000000000000001121220000000000000          0000000000000000000000000000000000000000000000000010000050
100000000000000001202500017727X28472321      0000000000427749200000000000010000001   027000000 0000000000 1806100311          00000000000010000001000000000000002000000112203001103110000180000000000000000000000000000000000000000000000000000000000000000000000000023680000000000368000000000000000000000000000000000002350020000000000000          0000000000000000000000000000000000000000000000000004000051
100000000000000001202500017727X28472321      0000000000427781800000000000010000001   027000000 0000000000 1806100311          00000000000010000001000000000000000265123722810001103110000180000000000000000000000000000000000000000000000000000000000000000000000000002651000000000000000000000000000000000000000000000000247120000000000000          0000000000000000000000000000000000000000000000000010000052
100000000000000001202500017727X28472321      0000000000427820600000000000010000001   027000000 0000000000 1806100311          00000000000010000001000000000000000665503321950001103110000180000000000000000000000000000000000000000000000000000000000000000000000000006655000000000000000000000000000000000000000000000000647520000000000000          0000000000000000000000000000000000000000000000000010000053
100000000000000001202500017727X28472321      0000000000428121300000000000010000001   027000000 0000000000 1806100311          00000000000010000001000000000000000775623738230001103110000180000000000000000000000000000000000000000000000000000000000000000000000000007756000000000000000000000000000000000000000000000000757620000000000000          0000000000000000000000000000000000000000000000000010000054
9201001          000000000000000000000000000000          000000000000000000000000000000          000000000000000000000000000000          000000000000000000000000000000                                                  000000000000000000000000000000                                                                                                                                                   000055
