10400000         201274648000119200506              00249600300050008840FED NAC TRAB EDIF CONDOMINIOS CAIXA ECONOMICA FEDERAL                 22704201503350500180006000000                                                                     
10400011T01  030 2001274648000119200506              00249600300050008840FED NAC TRAB EDIF CONDOMINIOS 200506FED NAC TRAB EDIF CONDOMINIOS     300562CONATEC                           000000002704201500000000                                 
1040001300001T 0600249600300050008840D00000000000000000001               30042015000000000000000341079090                         090000000000541655104926414000000000097005068277000000541655110000000000000000004810000000000                 
1040001300002U 0600000000000000000000000000000000000000000075500000000000075500000000000377500000000000226500000000000000000000000000000023042015280420151900        000000000000000CIP COMPENSACAO               811                           
1040001300003T 0600249600300050008840D00000000000000000001               30042015000000000000000237001007                         090000000000541941104956414000000000097005068277000000541941110000000000000000004810000000000                 
1040001300004U 0600000000000000000000000000000000000000000430900000000000430900000000002154300000000001292500000000000000000000000000000023042015280420151900        000000000000000CIP COMPENSACAO               811                           
1040001300005T 0600249600300050008840D00000000000000000001               30042015000000000017198001048330                         090000032637470001104936414000001719897005068277032637470001110000000000000000004810000000000                 
1040001300006U 0600000000000000000000000000000000000000000344000000000000344000000000001719800000000001031800000000000000000000000000000023042015280420151900        000000000000000CIP COMPENSACAO               811                           
1040001300007T 0600249600300050008840D00000000000000000001               30042015000000000010852341036196                         090000040634560001104996414000001085297005068277040634560001110000000000000000004810000000000                 
1040001300008U 0600000000000000000000000000000000000000000217000000000000217000000000001085200000000000651200000000000000000000000000000023042015280420151900        000000000000000CIP COMPENSACAO               811                           
1040001300009T 0600249600300050008840D00000000000000000001               30042015000000000070891756033588                         090000113046520001104916414000007089197005068277113046520001110000000000000000004810000000000                 
1040001300010U 0600000000000000000000000000000000000000001417800000000001417800000000007089100000000004253500000000000000000000000000000023042015280420151900        000000000000000CIP COMPENSACAO               811                           
1040001300011T 0600249600300050008840D00000000000000000001               30042015000000000018991237030708                         090000196490150001104966414000001899197005068277196490150001110000000000000000004810000000000                 
1040001300012U 0600000000000000000000000000000000000000000379800000000000379800000000001899100000000001139500000000000000000000000000000023042015280420151900        000000000000000CIP COMPENSACAO               811                           
1040001300013T 0600249600300050008840D00000000000000000001               30042015000000000013635033045438                         090000410073940001104966414000001363597005068277410073940001110000000000000000004810000000000                 
1040001300014U 0600000000000000000000000000000000000000000272700000000000272700000000001363500000000000818100000000000000000000000000000023042015280420151900        000000000000000CIP COMPENSACAO               811                           
1040001300015T 0600249600300050008840D00000000000000000001               30042015000000000000000104011037                         090000000000541630104916414000000000097005068277000000541630110000000000000000004480000000000                 
1040001300016U 0600000000000000000000000000000000000000000645200000000000645200000000003226200000000001935800000000000000000000000000000024042015280420151100        000000000000000AUTOMACAO                     811                           
1040001300017T 0600249600300050008840D00000000000000000001               30042015000000000000000104016250                         090000000000541649104926414000000000097005068277000000541649110000000000000000001800000000000                 
1040001300018U 06000000000000000000000000000000000000000001448000000000001448000000000007240000000000004344000000000000000000000000000000240420152804201512I0        000000000000000INTERNET                      811                           
1040001300019T 0600249600300050008840D00000000000000000001               30042015000000000000000104040754                         090000000000541658104916414000000000097005068277000000541658110000000000000000003050000000000                 
1040001300020U 0600000000000000000000000000000000000000000289400000000000289400000000001446800000000000868000000000000000000000000000000024042015280420151700        000000000000000LOTERICOS SISPL               811                           
1040001300021T 0600249600300050008840D00000000000000000001               30042015000000000000000104011037                         090000000000541800104926414000000000097005068277000000541800110000000000000000004480000000000                 
1040001300022U 0600000000000000000000000000000000000000000069200000000000069200000000000345800000000000207400000000000000000000000000000024042015280420151100        000000000000000AUTOMACAO                     811                           
1040001300023T 0600249600300050008840D00000000000000000001               30042015000000000000000104016250                         090000000000541819104956414000000000097005068277000000541819110000000000000000001800000000000                 
1040001300024U 06000000000000000000000000000000000000000001502000000000001502000000000007510000000000004506000000000000000000000000000000240420152804201512I0        000000000000000INTERNET                      811                           
1040001300025T 0600249600300050008840D00000000000000000001               30042015000000000000000104011037                         090000000000541832104916414000000000097005068277000000541832110000000000000000004480000000000                 
1040001300026U 0600000000000000000000000000000000000000000581800000000000581800000000002909100000000001745500000000000000000000000000000024042015280420151100        000000000000000AUTOMACAO                     811                           
1040001300027T 0600249600300050008840D00000000000000000001               30042015000000000000000104040754                         090000000000541938104946414000000000097005068277000000541938110000000000000000003050000000000                 
1040001300028U 0600000000000000000000000000000000000000000072300000000000072300000000000361600000000000217000000000000000000000000000000024042015280420151700        000000000000000LOTERICOS SISPL               811                           
1040001300029T 0600249600300050008840D00000000000000000001               30042015000000000000000104011037                         090000000000541940104996414000000000097005068277000000541940110000000000000000004480000000000                 
1040001300030U 0600000000000000000000000000000000000000000069200000000000069200000000000345800000000000207400000000000000000000000000000024042015280420151100        000000000000000AUTOMACAO                     811                           
1040001300031T 0600249600300050008840D00000000000000000001               30042015000000000003173104020443                         090000007491980001104946414000000317397005069277007491980001490000000000000000004480000000000                 
1040001300032U 0600000000000000000000000000000000000000000063500000000000063500000000000317300000000000190300000000000000000000000000000024042015280420151100        000000000000000AUTOMACAO                     949                           
1040001300033T 0600249600300050008840D00000000000000000001               30042015000000000024933104020443                         090000022592760001104976414000002493397005068277022592760001110000000000000000001800000000000                 
1040001300034U 06000000000000000000000000000000000000000004987000000000004987000000000024933000000000014959000000000000000000000000000000240420152804201512I0        000000000000000INTERNET                      811                           
1040001300035T 0600249600300050008840D00000000000000000001               30042015000000000003152104000345                         090000039031320001104986414000000315297005068277039031320001110000000000000000002190000000000                 
1040001300036U 06000000000000000000000000000000000000000000630000000000000630000000000003152000000000001892000000000000000000000000000000240420152804201512C0        000000000000000SALA DE CONVENIENCIA          811                           
1040001300037T 0600249600300050008840D00000000000000000001               30042015000000000031270104020443                         090000048481660001104916414000003127097005068277048481660001110000000000000000004480000000000                 
1040001300038U 0600000000000000000000000000000000000000000625400000000000625400000000003127000000000001876200000000000000000000000000000024042015280420151100        000000000000000AUTOMACAO                     811                           
1040001300039T 0600249600300050008840D00000000000000000001               30042015000000000016278104048836                         090000052322520001104996414000001627897005065277052322520001510000000000000000003050000000000                 
1040001300040U 0600000000000000000000000000000000000000000325600000000000325600000000001627800000000000976600000000000000000000000000000024042015280420151700        000000000000000LOTERICOS SISPL               551                           
1040001300041T 0600249600300050008840D00000000000000000001               30042015000000000067207104020443                         090000075641120001104966414000006720797005068277075641120001110000000000000000001800000000000                 
1040001300042U 06000000000000000000000000000000000000000013441000000000013441000000000067207000000000040325000000000000000000000000000000240420152804201512I0        000000000000000INTERNET                      811                           
1040001300043T 0600249600300050008840D00000000000000000001               30042015000000000006691104007595                         090000129823280001104916414000000669197005068277129823280001110000000000000000004480000000000                 
1040001300044U 0600000000000000000000000000000000000000000133800000000000133800000000000669100000000000401500000000000000000000000000000024042015280420151100        000000000000000AUTOMACAO                     811                           
1040001300045T 0600249600300050008840D00000000000000000001               30042015000000000014854104018961                         090000151508940001104966414000001485497005066277151508940001820000000000000000004480000000000                 
1040001300046U 0600000000000000000000000000000000000000000297100000000000297100000000001485400000000000891200000000000000000000000000000024042015280420151100        000000000000000AUTOMACAO                     682                           
1040001300047T 0600249600300050008840D00000000000000000001               30042015000000000013565104000353                         090000197271800001104976414000001356597005068277197271800001110000000000000000001800000000000                 
1040001300048U 06000000000000000000000000000000000000000002713000000000002713000000000013565000000000008139000000000000000000000000000000240420152804201512I0        000000000000000INTERNET                      811                           
1040001300049T 0600249600300050008840D00000000000000000001               30042015000000000173382104007595                         090000243625270001104926414000017338297005067277243625270001820000000000000000001800000000000                 
1040001300050U 06000000000000000000000000000000000000000034676000000000034676000000000173382000000000104030000000000000000000000000000000240420152804201512I0        000000000000000INTERNET                      782                           
1040001300051T 0600249600300050008840D00000000000000000001               30042015000000000002855104004146                         090000806356260001104966414000000285597005068277806356260001110000000000000000003050000000000                 
1040001300052U 0600000000000000000000000000000000000000000057100000000000057100000000000285500000000000171300000000000000000000000000000024042015280420151700        000000000000000LOTERICOS SISPL               811                           
1040001300053T 0600249600300050008840I10140200000001600001               00000000000000000000000000000000                         090000000000000000SINEDIFNIT                              00000000000000000000000000000000000                 
1040001300054U 0600000000000000000000000000000000000000000000000000000000000000000000000000000000000004427800000000000000000000000000000023042015280420150  0        000000000000000                              000                           
1040001300055T 0600249600300050008840I10288900000005700001               00000000000000000000000000000000                         090000000000000000SECOVIBALNCAMBORIU                      00000000000000000000000000000000000                 
1040001300056U 0600000000000000000000000000000000000000000000000000000000000000000000000000000000000005919300000000000000000000000000000023042015280420150  0        000000000000000                              000                           
1040001300057T 0600249600300050008840I10347900000013300001               00000000000000000000000000000000                         090000000000000000                                        00000000000000000000000000000000000                 
1040001300058U 0600000000000000000000000000000000000000000000000000000000000000000000000000000000000029480100000000000000000000000000000023042015280420150  0        000000000000000                              000                           
1040001300059T 0600249600300050008840I10386800000000400001               00000000000000000000000000000000                         090000000000000000                                        00000000000000000000000000000000000                 
1040001300060U 0600000000000000000000000000000000000000000000000000000000000000000000000000000000000001228800000000000000000000000000000023042015280420150  0        000000000000000                              000                           
1040001300061T 0600249600300050008840I10815700000007200001               00000000000000000000000000000000                         090000000000000000SINEMPEDIMUNRJ                          00000000000000000000000000000000000                 
1040001300062U 0600000000000000000000000000000000000000000000000000000000000000000000000000000000000014567400000000000000000000000000000023042015280420150  0        000000000000000                              000                           
1040001300063T 0600249600300050008840I18759600000004300001               00000000000000000000000000000000                         090000000000000000SEDCONRS                                00000000000000000000000000000000000                 
1040001300064U 0600000000000000000000000000000000000000000000000000000000000000000000000000000000000007055700000000000000000000000000000023042015280420150  0        000000000000000                              000                           
1040001300065T 0600249600300050008840I18881000000004100001               00000000000000000000000000000000                         090000000000000000SEEG                                    00000000000000000000000000000000000                 
1040001300066U 0600000000000000000000000000000000000000000000000000000000000000000000000000000000000010490600000000000000000000000000000023042015280420150  0        000000000000000                              000                           
1040001300067T 0600249600300050008840I18955500000000300001               00000000000000000000000000000000                         090000000000000000SIN EMP ED COND TAUBATE ZELADO          00000000000000000000000000000000000                 
1040001300068U 0600000000000000000000000000000000000000000000000000000000000000000000000000000000000000544500000000000000000000000000000023042015280420150  0        000000000000000                              000                           
1040001300069T 0600249600300050008840I18969500000002800001               00000000000000000000000000000000                         090000000000000000SINEVALI SIN EMPREG ED V PAR L          00000000000000000000000000000000000                 
1040001300070U 0600000000000000000000000000000000000000000000000000000000000000000000000000000000000008765200000000000000000000000000000023042015280420150  0        000000000000000                              000                           
1040001300071T 0600249600300050008840I19120300000000600001               00000000000000000000000000000000                         090000000000000000SINTECON SP                             00000000000000000000000000000000000                 
1040001300072U 0600000000000000000000000000000000000000000000000000000000000000000000000000000000000001010300000000000000000000000000000023042015280420150  0        000000000000000                              000                           
1040001300073T 0600249600300050008840I19714500000000700001               00000000000000000000000000000000                         090000000000000000STCSVSP                                 00000000000000000000000000000000000                 
1040001300074U 0600000000000000000000000000000000000000000000000000000000000000000000000000000000000000952500000000000000000000000000000023042015280420150  0        000000000000000                              000                           
1040001300075T 0600249600300050008840I19812400000001600001               00000000000000000000000000000000                         090000000000000000SINDITRABCONDO                          00000000000000000000000000000000000                 
1040001300076U 0600000000000000000000000000000000000000000000000000000000000000000000000000000000000003912700000000000000000000000000000023042015280420150  0        000000000000000                              000                           
1040001300077T 0600249600300050008840I19864400000000800001               00000000000000000000000000000000                         090000000000000000SINTRECON PELOTAS                       00000000000000000000000000000000000                 
1040001300078U 0600000000000000000000000000000000000000000000000000000000000000000000000000000000000001337200000000000000000000000000000023042015280420150  0        000000000000000                              000                           
1040001300079T 0600249600300050008840I19891100000003800001               00000000000000000000000000000000                         090000000000000000SINTCONDOMINIOS ST MARIA RS             00000000000000000000000000000000000                 
1040001300080U 0600000000000000000000000000000000000000000000000000000000000000000000000000000000000007118100000000000000000000000000000023042015280420150  0        000000000000000                              000                           
10400015         00008000000000000000000000000000000000000000000000000000000000000000000000000000000000000000071181                           00000000000000000000000000000                                                                     
10499999         000001000084000000000              00000 000000000000                                                                        00000000000000000000000000000                                                                     
