10400000         201274648000119200506              00249600300050008840FED NAC TRAB EDIF CONDOMINIOS CAIXA ECONOMICA FEDERAL                 22804201502184100180106000000                                                                     
10400011T01  030 2001274648000119200506              00249600300050008840FED NAC TRAB EDIF CONDOMINIOS 200506FED NAC TRAB EDIF CONDOMINIOS     300562CONATEC                           000000002804201500000000                                 
1040001300001T 0600249600300050008840D00000000000000000001               30042015000000000000000341007315                         090000000000541796104956414000000000097005068277000000541796110000000000000000004810000000000                 
1040001300002U 0600000000000000000000000000000000000000000243100000000000243100000000001215300000000000729100000000000000000000000000000024042015290420151900        000000000000000CIP COMPENSACAO               811                           
1040001300003T 0600249600300050008840D00000000000000000001               30042015000000000000000341066907                         090000000000541806104916414000000000097005068277000000541806110000000000000000004810000000000                 
1040001300004U 0600000000000000000000000000000000000000000079600000000000079600000000000397800000000000238600000000000000000000000000000024042015290420151900        000000000000000CIP COMPENSACAO               811                           
1040001300005T 0600249600300050008840D00000000000000000001               30042015000000000011048001032930                         090000018597210002104946414000001104897005068277018597210002120000000000000000004810000000000                 
1040001300006U 0600000000000000000000000000000000000000000221000000000000221000000000001104800000000000662800000000000000000000000000000024042015290420151900        000000000000000CIP COMPENSACAO               812                           
1040001300007T 0600249600300050008840D00000000000000000001               30042015000000000016184341013390                         090000021622420001104916414000001618497005068277021622420001110000000000000000004810000000000                 
1040001300008U 0600000000000000000000000000000000000000000323700000000000323700000000001618400000000000971000000000000000000000000000000024042015290420151900        000000000000000CIP COMPENSACAO               811                           
1040001300009T 0600249600300050008840D00000000000000000001               30042015000000000007881001012467                         090000032741650001104916414000000788197005068277032741650001210000000000000000004810000000000                 
1040001300010U 0600000000000000000000000000000000000000000157600000000000157600000000000788100000000000472900000000000000000000000000000024042015290420151900        000000000000000CIP COMPENSACAO               821                           
1040001300011T 0600249600300050008840D00000000000000000001               30042015000000000808666341030716                         090000035532830001104956414000080866697005068277035532830001110000000000000000004810000000000                 
1040001300012U 0600000000000000000000000000000000000000016173300000000016173300000000080866600000000048520000000000000000000000000000000024042015290420151900        000000000000000CIP COMPENSACAO               811                           
1040001300013T 0600249600300050008840D00000000000000000001               30042015000000000001433756030392                         090000036558220001104956414000000143397005068277036558220001110000000000000000004810000000000                 
1040001300014U 0600000000000000000000000000000000000000000028700000000000028700000000000143300000000000085900000000000000000000000000000024042015290420151900        000000000000000CIP COMPENSACAO               811                           
1040001300015T 0600249600300050008840D00000000000000000001               30042015000000000010852341070246                         090000041822400001104956414000001085297005068277041822400001110000000000000000004810000000000                 
1040001300016U 0600000000000000000000000000000000000000000217000000000000217000000000001085200000000000651200000000000000000000000000000024042015290420151900        000000000000000CIP COMPENSACAO               811                           
1040001300017T 0600249600300050008840D00000000000000000001               30042015000000000032147033046671                         090000045883660001104976414000003214797005068277045883660001110000000000000000004810000000000                 
1040001300018U 0600000000000000000000000000000000000000000642900000000000642900000000003214700000000001928900000000000000000000000000000024042015290420151900        000000000000000CIP COMPENSACAO               811                           
1040001300019T 0600249600300050008840D00000000000000000001               30042015000000000003219341065307                         090000060998070001104976414000000321997005065277060998070001510000000000000000004810000000000                 
1040001300020U 0600000000000000000000000000000000000000000064400000000000064400000000000321900000000000193100000000000000000000000000000024042015290420151900        000000000000000CIP COMPENSACAO               551                           
1040001300021T 0600249600300050008840D00000000000000000001               30042015000000000013559033044563                         090000081775750001104956414000001355997005068277081775750001110000000000000000004810000000000                 
1040001300022U 0600000000000000000000000000000000000000000271200000000000271200000000001355900000000000813500000000000000000000000000000024042015290420151900        000000000000000CIP COMPENSACAO               811                           
1040001300023T 0600249600300050008840D00000000000000000001               30042015000000000008149237003212                         090000117972680001104956414000000814997005068277117972680001110000000000000000004810000000000                 
1040001300024U 0600000000000000000000000000000000000000000163000000000000163000000000000814900000000000488900000000000000000000000000000024042015290420151900        000000000000000CIP COMPENSACAO               811                           
1040001300025T 0600249600300050008840D00000000000000000001               30042015000000000003670756030392                         090000133348070001104966414000000367097005068277133348070001110000000000000000004810000000000                 
1040001300026U 0600000000000000000000000000000000000000000073400000000000073400000000000367000000000000220200000000000000000000000000000024042015290420151900        000000000000000CIP COMPENSACAO               811                           
1040001300027T 0600249600300050008840D00000000000000000001               30042015000000000081424001028703                         090000192666770001104996414000008142497005066277192666770001820000000000000000004810000000000                 
1040001300028U 0600000000000000000000000000000000000000001628500000000001628500000000008142400000000004885400000000000000000000000000000024042015290420151900        000000000000000CIP COMPENSACAO               682                           
1040001300029T 0600249600300050008840D00000000000000000001               30042015000000000016203001012467                         090000409981710001104956414000001620397005068277409981710001110000000000000000004810000000000                 
1040001300030U 0600000000000000000000000000000000000000000324100000000000324100000000001620300000000000972100000000000000000000000000000024042015290420151900        000000000000000CIP COMPENSACAO               811                           
1040001300031T 0600249600300050008840D00000000000000000001               30042015000000000003473748015016                         090000784823870001104956414000000347397005065277784823870001510000000000000000004810000000000                 
1040001300032U 0600000000000000000000000000000000000000000069500000000000069500000000000347300000000000208300000000000000000000000000000024042015290420151900        000000000000000CIP COMPENSACAO               551                           
1040001300033T 0600249600300050008840D00000000000000000001               30042015000000000007703033037133                         090000845841270001104926414000000770397005066277845841270001810000000000000000004810000000000                 
1040001300034U 0600000000000000000000000000000000000000000154100000000000154100000000000770300000000000462100000000000000000000000000000024042015290420151900        000000000000000CIP COMPENSACAO               681                           
1040001300035T 0600249600300050008840D00000000000000000001               30042015000000000000000104016250                         090000000000541685104996414000000000097005068277000000541685110000000000000000001800000000000                 
1040001300036U 06000000000000000000000000000000000000000000692000000000000692000000000003458000000000002074000000000000000000000000000000270420152904201512I0        000000000000000INTERNET                      811                           
1040001300037T 0600249600300050008840D00000000000000000001               30042015000000000000000104003506                         090000000000541688104986414000000000097005068277000000541688110000000000000000004480000000000                 
1040001300038U 0600000000000000000000000000000000000000000078400000000000078400000000000392200000000000235400000000000000000000000000000027042015290420151100        000000000000000AUTOMACAO                     811                           
1040001300039T 0600249600300050008840D00000000000000000001               30042015000000000000000104003506                         090000000000541695104946414000000000097005068277000000541695110000000000000000001800000000000                 
1040001300040U 06000000000000000000000000000000000000000000755000000000000755000000000003777000000000002267000000000000000000000000000000270420152904201512I0        000000000000000INTERNET                      811                           
1040001300041T 0600249600300050008840D00000000000000000001               30042015000000000000000104040754                         090000000000541711104916414000000000097005068277000000541711110000000000000000004480000000000                 
1040001300042U 0600000000000000000000000000000000000000000080000000000000080000000000000400000000000000240000000000000000000000000000000027042015290420151100        000000000000000AUTOMACAO                     811                           
1040001300043T 0600249600300050008840D00000000000000000001               30042015000000000000000104003506                         090000000000541724104946414000000000097005068277000000541724110000000000000000004480000000000                 
1040001300044U 0600000000000000000000000000000000000000000119000000000000119000000000000595100000000000357100000000000000000000000000000027042015290420151100        000000000000000AUTOMACAO                     811                           
1040001300045T 0600249600300050008840D00000000000000000001               30042015000000000000000104003506                         090000000000541813104976414000000000097005068277000000541813110000000000000000001800000000000                 
1040001300046U 06000000000000000000000000000000000000000000692000000000000692000000000003458000000000002074000000000000000000000000000000270420152904201512I0        000000000000000INTERNET                      811                           
1040001300047T 0600249600300050008840D00000000000000000001               30042015000000000000000104003506                         090000000000541815104916414000000000097005068277000000541815110000000000000000004480000000000                 
1040001300048U 0600000000000000000000000000000000000000000516700000000000516700000000002583500000000001550100000000000000000000000000000027042015290420151100        000000000000000AUTOMACAO                     811                           
1040001300049T 0600249600300050008840D00000000000000000001               30042015000000000000000104011037                         090000000000541828104946414000000000097005068277000000541828110000000000000000004480000000000                 
1040001300050U 0600000000000000000000000000000000000000001089200000000001089200000000005446100000000003267700000000000000000000000000000027042015290420151100        000000000000000AUTOMACAO                     811                           
1040001300051T 0600249600300050008840D00000000000000000001               30042015000000000000000104011037                         090000000000541880104966414000000000097005068277000000541880110000000000000000004480000000000                 
1040001300052U 0600000000000000000000000000000000000000000052600000000000052600000000000262800000000000157600000000000000000000000000000027042015290420151100        000000000000000AUTOMACAO                     811                           
1040001300053T 0600249600300050008840D00000000000000000001               30042015000000000000000104003506                         090000000000541909104946414000000000097005068277000000541909110000000000000000001800000000000                 
1040001300054U 06000000000000000000000000000000000000000000692000000000000692000000000003462000000000002078000000000000000000000000000000270420152904201512I0        000000000000000INTERNET                      811                           
1040001300055T 0600249600300050008840D00000000000000000001               30042015000000000000000104040754                         090000000000541910104926414000000000097005068277000000541910110000000000000000004480000000000                 
1040001300056U 0600000000000000000000000000000000000000000075500000000000075500000000000377500000000000226500000000000000000000000000000027042015290420151100        000000000000000AUTOMACAO                     811                           
1040001300057T 0600249600300050008840D00000000000000000001               30042015000000000000000104003506                         090000000000541936104916414000000000097005068277000000541936110000000000000000001800000000000                 
1040001300058U 06000000000000000000000000000000000000000001389000000000001389000000000006947000000000004169000000000000000000000000000000270420152904201512I0        000000000000000INTERNET                      811                           
1040001300059T 0600249600300050008840D00000000000000000001               30042015000000000000000104003506                         090000000000541946104976414000000000097005068277000000541946110000000000000000004480000000000                 
1040001300060U 0600000000000000000000000000000000000000000506400000000000506400000000002531800000000001519000000000000000000000000000000027042015290420151100        000000000000000AUTOMACAO                     811                           
1040001300061T 0600249600300050008840D00000000000000000001               30042015000000000000000104015857                         090000000004134105104966414000000000097005068277000004134105110000000000000000002190000000000                 
1040001300062U 06000000000000000000000000000000000000000001611000000000001611000000000008053000000000004831000000000000000000000000000000270420152904201512C0        000000000000000SALA DE CONVENIENCIA          811                           
1040001300063T 0600249600300050008840D00000000000000000001               30042015000000000017538104048852                         090000005684780001104916414000001753897005068277005684780001110000000000000000001800000000000                 
1040001300064U 06000000000000000000000000000000000000000003508000000000003508000000000017538000000000010522000000000000000000000000000000270420152904201512I0        000000000000000INTERNET                      811                           
1040001300065T 0600249600300050008840D00000000000000000001               30042015000000000016272104015857                         090000008165220001104936414000001627297005068277008165220001110000000000000000001800000000000                 
1040001300066U 06000000000000000000000000000000000000000003254000000000003254000000000016272000000000009764000000000000000000000000000000270420152904201512I0        000000000000000INTERNET                      811                           
1040001300067T 0600249600300050008840D00000000000000000001               30042015000000000004182104018961                         090000008949750001104986414000000418297005068277008949750001110000000000000000003050000000000                 
1040001300068U 0600000000000000000000000000000000000000000083600000000000083600000000000418200000000000251000000000000000000000000000000027042015290420151700        000000000000000LOTERICOS SISPL               811                           
1040001300069T 0600249600300050008840D00000000000000000001               30042015000000000010852104000353                         090000009033040001104996414000001085297005068277009033040001110000000000000000001800000000000                 
1040001300070U 06000000000000000000000000000000000000000002170000000000002170000000000010852000000000006512000000000000000000000000000000270420152904201512I0        000000000000000INTERNET                      811                           
1040001300071T 0600249600300050008840D00000000000000000001               30042015000000000002153104007013                         090000014371810001104996414000000215397005068277014371810001110000000000000000003050000000000                 
1040001300072U 0600000000000000000000000000000000000000000043100000000000043100000000000215300000000000129100000000000000000000000000000027042015290420151700        000000000000000LOTERICOS SISPL               811                           
1040001300073T 0600249600300050008840D00000000000000000001               30042015000000000008136104007595                         090000014431980001104936414000000813697005068277014431980001110000000000000000001800000000000                 
1040001300074U 06000000000000000000000000000000000000000001627000000000001627000000000008136000000000004882000000000000000000000000000000270420152904201512I0        000000000000000INTERNET                      811                           
1040001300075T 0600249600300050008840D00000000000000000001               30042015000000000002712104007595                         090000016037530001104916414000000271297005068277016037530001110000000000000000003050000000000                 
1040001300076U 0600000000000000000000000000000000000000000054200000000000054200000000000271200000000000162800000000000000000000000000000027042015290420151700        000000000000000LOTERICOS SISPL               811                           
1040001300077T 0600249600300050008840D00000000000000000001               30042015000000000001437104007013                         090000021798740001104996414000000143797005068277021798740001110000000000000000003050000000000                 
1040001300078U 0600000000000000000000000000000000000000000028700000000000028700000000000143700000000000086300000000000000000000000000000027042015290420151700        000000000000000LOTERICOS SISPL               811                           
1040001300079T 0600249600300050008840D00000000000000000001               30042015000000000005426104000337                         090000022159310001104946414000000542697005068277022159310001110000000000000000001800000000000                 
1040001300080U 06000000000000000000000000000000000000000001085000000000001085000000000005426000000000003256000000000000000000000000000000270420152904201512I0        000000000000000INTERNET                      811                           
1040001300081T 0600249600300050008840D00000000000000000001               30042015000000000010848104000345                         090000024560260001104966414000001084897005068277024560260001110000000000000000001800000000000                 
1040001300082U 06000000000000000000000000000000000000000002170000000000002170000000000010848000000000006508000000000000000000000000000000270420152904201512I0        000000000000000INTERNET                      811                           
1040001300083T 0600249600300050008840D00000000000000000001               30042015000000000001313104007021                         090000026631410001104986414000000131397005068277026631410001110000000000000000003050000000000                 
1040001300084U 0600000000000000000000000000000000000000000026300000000000026300000000000131300000000000078700000000000000000000000000000027042015290420151700        000000000000000LOTERICOS SISPL               811                           
1040001300085T 0600249600300050008840D00000000000000000001               30042015000000000016278104000345                         090000027519840001104996414000001627897005068277027519840001110000000000000000004480000000000                 
1040001300086U 0600000000000000000000000000000000000000000325600000000000325600000000001627800000000000976600000000000000000000000000000027042015290420151100        000000000000000AUTOMACAO                     811                           
1040001300087T 0600249600300050008840D00000000000000000001               30042015000000000002127104003506                         090000030586810001104976414000000212797005068277030586810001110000000000000000004480000000000                 
1040001300088U 0600000000000000000000000000000000000000000042500000000000042500000000000212700000000000127700000000000000000000000000000027042015290420151100        000000000000000AUTOMACAO                     811                           
1040001300089T 0600249600300050008840D00000000000000000001               30042015000000000016272104020443                         090000033236220001104926414000001627297005068277033236220001110000000000000000001800000000000                 
1040001300090U 06000000000000000000000000000000000000000003254000000000003254000000000016272000000000009764000000000000000000000000000000270420152904201512I0        000000000000000INTERNET                      811                           
1040001300091T 0600249600300050008840D00000000000000000001               30042015000000000008139104000353                         090000035221530001104996414000000813997005068277035221530001110000000000000000003050000000000                 
1040001300092U 0600000000000000000000000000000000000000000162800000000000162800000000000813900000000000488300000000000000000000000000000027042015290420151700        000000000000000LOTERICOS SISPL               811                           
1040001300093T 0600249600300050008840D00000000000000000001               30042015000000000001111104007013                         090000035836990001104966414000000111197005068277035836990001110000000000000000003050000000000                 
1040001300094U 0600000000000000000000000000000000000000000022200000000000022200000000000111100000000000066700000000000000000000000000000027042015290420151700        000000000000000LOTERICOS SISPL               811                           
1040001300095T 0600249600300050008840D00000000000000000001               30042015000000000008136104007595                         090000041109600001104986414000000813697005068277041109600001110000000000000000002190000000000                 
1040001300096U 06000000000000000000000000000000000000000001627000000000001627000000000008136000000000004882000000000000000000000000000000270420152904201512C0        000000000000000SALA DE CONVENIENCIA          811                           
1040001300097T 0600249600300050008840D00000000000000000001               30042015000000000035212104007595                         090000043348120001104916414000003521297005068277043348120001110000000000000000001800000000000                 
1040001300098U 06000000000000000000000000000000000000000007042000000000007042000000000035212000000000021128000000000000000000000000000000270420152904201512I0        000000000000000INTERNET                      811                           
1040001300099T 0600249600300050008840D00000000000000000001               30042015000000000002627104020443                         090000044431250001104916414000000262797005066277044431250001820000000000000000001800000000000                 
1040001300100U 06000000000000000000000000000000000000000000525000000000000525000000000002627000000000001577000000000000000000000000000000270420152904201512I0        000000000000000INTERNET                      682                           
1040001300101T 0600249600300050008840D00000000000000000001               30042015000000000008136104014060                         090000048804750001104956414000000813697005068277048804750001110000000000000000001800000000000                 
1040001300102U 06000000000000000000000000000000000000000001627000000000001627000000000008136000000000004882000000000000000000000000000000270420152904201512I0        000000000000000INTERNET                      811                           
1040001300103T 0600249600300050008840D00000000000000000001               30042015000000000009443104018961                         090000049888070001104916414000000944397005068277049888070001110000000000000000003050000000000                 
1040001300104U 0600000000000000000000000000000000000000000188900000000000188900000000000944300000000000566500000000000000000000000000000027042015290420151700        000000000000000LOTERICOS SISPL               811                           
1040001300105T 0600249600300050008840D00000000000000000001               30042015000000000008136104015857                         090000049930710001104956414000000813697005068277049930710001110000000000000000001800000000000                 
1040001300106U 06000000000000000000000000000000000000000001627000000000001627000000000008136000000000004882000000000000000000000000000000270420152904201512I0        000000000000000INTERNET                      811                           
1040001300107T 0600249600300050008840D00000000000000000001               30042015000000000005426104000345                         090000049960820001104986414000000542697005068277049960820001110000000000000000001800000000000                 
1040001300108U 06000000000000000000000000000000000000000001085000000000001085000000000005426000000000003256000000000000000000000000000000270420152904201512I0        000000000000000INTERNET                      811                           
1040001300109T 0600249600300050008840D00000000000000000001               30042015000000000013560104000353                         090000056753910001104916414000001356097005068277056753910001110000000000000000001800000000000                 
1040001300110U 06000000000000000000000000000000000000000002712000000000002712000000000013560000000000008136000000000000000000000000000000270420152904201512I0        000000000000000INTERNET                      811                           
1040001300111T 0600249600300050008840D00000000000000000001               30042015000000000003473104018961                         090000058673070001104916414000000347397005068277058673070001110000000000000000003050000000000                 
1040001300112U 0600000000000000000000000000000000000000000069500000000000069500000000000347300000000000208300000000000000000000000000000027042015290420151700        000000000000000LOTERICOS SISPL               811                           
1040001300113T 0600249600300050008840D00000000000000000001               30042015000000000005253104048887                         090000060235690001104946414000000525397005068277060235690001110000000000000000001800000000000                 
1040001300114U 06000000000000000000000000000000000000000001051000000000001051000000000005253000000000003151000000000000000000000000000000270420152904201512I0        000000000000000INTERNET                      811                           
1040001300115T 0600249600300050008840D00000000000000000001               30042015000000000013560104015857                         090000060537420001104926414000001356097005068277060537420001110000000000000000001800000000000                 
1040001300116U 06000000000000000000000000000000000000000002712000000000002712000000000013560000000000008136000000000000000000000000000000270420152904201512I0        000000000000000INTERNET                      811                           
1040001300117T 0600249600300050008840D00000000000000000001               30042015000000000013560104007595                         090000062072200001104916414000001356097005068277062072200001110000000000000000001800000000000                 
1040001300118U 06000000000000000000000000000000000000000002712000000000002712000000000013560000000000008136000000000000000000000000000000270420152904201512I0        000000000000000INTERNET                      811                           
1040001300119T 0600249600300050008840D00000000000000000001               30042015000000000046447104015857                         090000068271220001104986414000004644797005065277068271220001510000000000000000003050000000000                 
1040001300120U 0600000000000000000000000000000000000000000928900000000000928900000000004644700000000002786900000000000000000000000000000027042015290420151700        000000000000000LOTERICOS SISPL               551                           
1040001300121T 0600249600300050008840D00000000000000000001               30042015000000000021966104018961                         090000070274420001104986414000002196697005069277070274420001430000000000000000003050000000000                 
1040001300122U 0600000000000000000000000000000000000000000439300000000000439300000000002196600000000001318000000000000000000000000000000027042015290420151700        000000000000000LOTERICOS SISPL               943                           
1040001300123T 0600249600300050008840D00000000000000000001               30042015000000000163547104020109                         090000079931510001104986414000016354797005068277079931510001210000000000000000001800000000000                 
1040001300124U 06000000000000000000000000000000000000000032709000000000032709000000000163547000000000098129000000000000000000000000000000270420152904201512I0        000000000000000INTERNET                      821                           
1040001300125T 0600249600300050008840D00000000000000000001               30042015000000000008045104018961                         090000085442690001104926414000000804597005069277085442690001430000000000000000003050000000000                 
1040001300126U 0600000000000000000000000000000000000000000160900000000000160900000000000804500000000000482700000000000000000000000000000027042015290420151700        000000000000000LOTERICOS SISPL               943                           
1040001300127T 0600249600300050008840D00000000000000000001               30042015000000000014968104000353                         090000089996030001104916414000001496897005068277089996030001110000000000000000001800000000000                 
1040001300128U 06000000000000000000000000000000000000000002994000000000002994000000000014968000000000008980000000000000000000000000000000270420152904201512I0        000000000000000INTERNET                      811                           
1040001300129T 0600249600300050008840D00000000000000000001               30042015000000000015411104000353                         090000091229790001104956414000001541197005068277091229790001110000000000000000004480000000000                 
1040001300130U 0600000000000000000000000000000000000000000308200000000000308200000000001541100000000000924700000000000000000000000000000027042015290420151100        000000000000000AUTOMACAO                     811                           
1040001300131T 0600249600300050008840D00000000000000000001               30042015000000000006344104005398                         090000093383380001104936414000000634497005068277093383380001110000000000000000001800000000000                 
1040001300132U 06000000000000000000000000000000000000000001269000000000001269000000000006344000000000003806000000000000000000000000000000270420152904201512I0        000000000000000INTERNET                      811                           
1040001300133T 0600249600300050008840D00000000000000000001               30042015000000000012168104005398                         090000093675370001104956414000001216897005068277093675370001110000000000000000001800000000000                 
1040001300134U 06000000000000000000000000000000000000000002434000000000002434000000000012168000000000007300000000000000000000000000000000270420152904201512I0        000000000000000INTERNET                      811                           
1040001300135T 0600249600300050008840D00000000000000000001               30042015000000000008136104030643                         090000094617820001104996414000000813697005068277094617820001110000000000000000001800000000000                 
1040001300136U 06000000000000000000000000000000000000000001627000000000001627000000000008136000000000004882000000000000000000000000000000270420152904201512I0        000000000000000INTERNET                      811                           
1040001300137T 0600249600300050008840D00000000000000000001               30042015000000000003347104020109                         090000109750000001104996414000000334797005068277109750000001110000000000000000003050000000000                 
1040001300138U 0600000000000000000000000000000000000000000066900000000000066900000000000334700000000000200900000000000000000000000000000027042015290420151700        000000000000000LOTERICOS SISPL               811                           
1040001300139T 0600249600300050008840D00000000000000000001               30042015000000000004333104005398                         090000110110330001104916414000000433397005068277110110330001110000000000000000001800000000000                 
1040001300140U 06000000000000000000000000000000000000000000867000000000000867000000000004333000000000002599000000000000000000000000000000270420152904201512I0        000000000000000INTERNET                      811                           
1040001300141T 0600249600300050008840D00000000000000000001               30042015000000000008139104000353                         090000127549740001104946414000000813997005068277127549740001110000000000000000001800000000000                 
1040001300142U 06000000000000000000000000000000000000000001628000000000001628000000000008139000000000004883000000000000000000000000000000270420152904201512I0        000000000000000INTERNET                      811                           
1040001300143T 0600249600300050008840D00000000000000000001               30042015000000000003473104018813                         090000133075770001104946414000000347397005066277133075770001810000000000000000003050000000000                 
1040001300144U 0600000000000000000000000000000000000000000069500000000000069500000000000347300000000000208300000000000000000000000000000027042015290420151700        000000000000000LOTERICOS SISPL               681                           
1040001300145T 0600249600300050008840D00000000000000000001               30042015000000000000703104007013                         090000164036580001104936414000000070397005068277164036580001110000000000000000003050000000000                 
1040001300146U 0600000000000000000000000000000000000000000014100000000000014100000000000070300000000000042100000000000000000000000000000027042015290420151700        000000000000000LOTERICOS SISPL               811                           
1040001300147T 0600249600300050008840D00000000000000000001               30042015000000000003560104018961                         090000172098470001104916414000000356097005068277172098470001110000000000000000003050000000000                 
1040001300148U 0600000000000000000000000000000000000000000071200000000000071200000000000356000000000000213600000000000000000000000000000027042015290420151700        000000000000000LOTERICOS SISPL               811                           
1040001300149T 0600249600300050008840D00000000000000000001               30042015000000000004063104018961                         090000182309300001104966414000000406397005068277182309300001110000000000000000003050000000000                 
1040001300150U 0600000000000000000000000000000000000000000081300000000000081300000000000406300000000000243700000000000000000000000000000027042015290420151700        000000000000000LOTERICOS SISPL               811                           
1040001300151T 0600249600300050008840D00000000000000000001               30042015000000000014328104015857                         090000183669230001104916414000001432897005068277183669230001110000000000000000001800000000000                 
1040001300152U 06000000000000000000000000000000000000000002866000000000002866000000000014328000000000008596000000000000000000000000000000270420152904201512I0        000000000000000INTERNET                      811                           
1040001300153T 0600249600300050008840D00000000000000000001               30042015000000000018941104048836                         090000186219650001104916414000001894197005068277186219650001110000000000000000001800000000000                 
1040001300154U 06000000000000000000000000000000000000000003788000000000003788000000000018941000000000011365000000000000000000000000000000270420152904201512I0        000000000000000INTERNET                      811                           
1040001300155T 0600249600300050008840D00000000000000000001               30042015000000000090962104005398                         090000353020740001104916414000009096297005068277353020740001110000000000000000004480000000000                 
1040001300156U 0600000000000000000000000000000000000000001819200000000001819200000000009096200000000005457800000000000000000000000000000027042015290420151100        000000000000000AUTOMACAO                     811                           
1040001300157T 0600249600300050008840D00000000000000000001               30042015000000000028050104015857                         090000408006090001104966414000002805097005068277408006090001110000000000000000001800000000000                 
1040001300158U 06000000000000000000000000000000000000000005610000000000005610000000000028050000000000016830000000000000000000000000000000270420152904201512I0        000000000000000INTERNET                      811                           
1040001300159T 0600249600300050008840D00000000000000000001               30042015000000000008139104000337                         090000409979000001104916414000000813997005068277409979000001110000000000000000001800000000000                 
1040001300160U 06000000000000000000000000000000000000000001628000000000001628000000000008139000000000004883000000000000000000000000000000270420152904201512I0        000000000000000INTERNET                      811                           
1040001300161T 0600249600300050008840D00000000000000000001               30042015000000000001358104007013                         090000733121340001104916414000000135897005068277733121340001110000000000000000003050000000000                 
1040001300162U 0600000000000000000000000000000000000000000027200000000000027200000000000135800000000000081400000000000000000000000000000027042015290420151700        000000000000000LOTERICOS SISPL               811                           
1040001300163T 0600249600300050008840D00000000000000000001               30042015000000000005136104007013                         090000784727840001104956414000000513697005068277784727840001110000000000000000003050000000000                 
1040001300164U 0600000000000000000000000000000000000000000102700000000000102700000000000513600000000000308200000000000000000000000000000027042015290420151700        000000000000000LOTERICOS SISPL               811                           
1040001300165T 0600249600300050008840D00000000000000000001               30042015000000000004033104018961                         090000785042550001104956414000000403397005068277785042550001110000000000000000003050000000000                 
1040001300166U 0600000000000000000000000000000000000000000080700000000000080700000000000403300000000000241900000000000000000000000000000027042015290420151700        000000000000000LOTERICOS SISPL               811                           
1040001300167T 0600249600300050008840D00000000000000000001               30042015000000000002770104018961                         090000806218320001104996414000000277097005068277806218320001110000000000000000003050000000000                 
1040001300168U 0600000000000000000000000000000000000000000055400000000000055400000000000277000000000000166200000000000000000000000000000027042015290420151700        000000000000000LOTERICOS SISPL               811                           
1040001300169T 0600249600300050008840D00000000000000000001               30042015000000000027816104007013                         090000852845600001104916414000002781697005066277852845600001820000000000000000003050000000000                 
1040001300170U 0600000000000000000000000000000000000000000556300000000000556300000000002781600000000001669000000000000000000000000000000027042015290420151700        000000000000000LOTERICOS SISPL               682                           
1040001300171T 0600249600300050008840I10140200000011300001               00000000000000000000000000000000                         090000000000000000SINEDIFNIT                              00000000000000000000000000000000000                 
1040001300172U 0600000000000000000000000000000000000000000000000000000000000000000000000000000000000033356400000000000000000000000000000024042015290420150  0        000000000000000                              000                           
1040001300173T 0600249600300050008840I10288900000010700001               00000000000000000000000000000000                         090000000000000000SECOVIBALNCAMBORIU                      00000000000000000000000000000000000                 
1040001300174U 0600000000000000000000000000000000000000000000000000000000000000000000000000000000000012116200000000000000000000000000000024042015290420150  0        000000000000000                              000                           
1040001300175T 0600249600300050008840I10347900000012300001               00000000000000000000000000000000                         090000000000000000                                        00000000000000000000000000000000000                 
1040001300176U 0600000000000000000000000000000000000000000000000000000000000000000000000000000000000028947400000000000000000000000000000024042015290420150  0        000000000000000                              000                           
1040001300177T 0600249600300050008840I10386800000001700001               00000000000000000000000000000000                         090000000000000000                                        00000000000000000000000000000000000                 
1040001300178U 0600000000000000000000000000000000000000000000000000000000000000000000000000000000000007097400000000000000000000000000000024042015290420150  0        000000000000000                              000                           
1040001300179T 0600249600300050008840I10815700000076900001               00000000000000000000000000000000                         090000000000000000SINEMPEDIMUNRJ                          00000000000000000000000000000000000                 
1040001300180U 0600000000000000000000000000000000000000000000000000000000000000000000000000000000000170046100000000000000000000000000000024042015290420150  0        000000000000000                              000                           
1040001300181T 0600249600300050008840I18759600000019800001               00000000000000000000000000000000                         090000000000000000SEDCONRS                                00000000000000000000000000000000000                 
1040001300182U 0600000000000000000000000000000000000000000000000000000000000000000000000000000000000016190700000000000000000000000000000024042015290420150  0        000000000000000                              000                           
1040001300183T 0600249600300050008840I18881000000006900001               00000000000000000000000000000000                         090000000000000000SEEG                                    00000000000000000000000000000000000                 
1040001300184U 0600000000000000000000000000000000000000000000000000000000000000000000000000000000000028531000000000000000000000000000000024042015290420150  0        000000000000000                              000                           
1040001300185T 0600249600300050008840I18955500000000700001               00000000000000000000000000000000                         090000000000000000SIN EMP ED COND TAUBATE ZELADO          00000000000000000000000000000000000                 
1040001300186U 0600000000000000000000000000000000000000000000000000000000000000000000000000000000000001867100000000000000000000000000000024042015290420150  0        000000000000000                              000                           
1040001300187T 0600249600300050008840I18969500000005600001               00000000000000000000000000000000                         090000000000000000SINEVALI SIN EMPREG ED V PAR L          00000000000000000000000000000000000                 
1040001300188U 0600000000000000000000000000000000000000000000000000000000000000000000000000000000000006812900000000000000000000000000000024042015290420150  0        000000000000000                              000                           
1040001300189T 0600249600300050008840I19120300000001000001               00000000000000000000000000000000                         090000000000000000SINTECON SP                             00000000000000000000000000000000000                 
1040001300190U 0600000000000000000000000000000000000000000000000000000000000000000000000000000000000001607300000000000000000000000000000024042015290420150  0        000000000000000                              000                           
1040001300191T 0600249600300050008840I19714500000002300001               00000000000000000000000000000000                         090000000000000000STCSVSP                                 00000000000000000000000000000000000                 
1040001300192U 0600000000000000000000000000000000000000000000000000000000000000000000000000000000000005677800000000000000000000000000000024042015290420150  0        000000000000000                              000                           
1040001300193T 0600249600300050008840I19812400000003200001               00000000000000000000000000000000                         090000000000000000SINDITRABCONDO                          00000000000000000000000000000000000                 
1040001300194U 0600000000000000000000000000000000000000000000000000000000000000000000000000000000000009896600000000000000000000000000000024042015290420150  0        000000000000000                              000                           
1040001300195T 0600249600300050008840I19864400000005800001               00000000000000000000000000000000                         090000000000000000SINTRECON PELOTAS                       00000000000000000000000000000000000                 
1040001300196U 0600000000000000000000000000000000000000000000000000000000000000000000000000000000000005820200000000000000000000000000000024042015290420150  0        000000000000000                              000                           
1040001300197T 0600249600300050008840I19891100000000100001               00000000000000000000000000000000                         090000000000000000SINTCONDOMINIOS ST MARIA RS             00000000000000000000000000000000000                 
1040001300198U 0600000000000000000000000000000000000000000000000000000000000000000000000000000000000000080400000000000000000000000000000024042015290420150  0        000000000000000                              000                           
10400015         00019800000000000000000000000000000000000000000000000000000000000000000000000000000000000000000804                           00000000000000000000000000000                                                                     
10499999         000001000202000000000              00000 000000000000                                                                        00000000000000000000000000000                                                                     
