10400000         201274648000119200506              00249600300050008840FED NAC TRAB EDIF CONDOMINIOS CAIXA ECONOMICA FEDERAL                 21105201502522000180906000000                                                                     
10400011T01  030 2001274648000119200506              00249600300050008840FED NAC TRAB EDIF CONDOMINIOS 200506FED NAC TRAB EDIF CONDOMINIOS     300562CONATEC                           000000001105201500000000                                 
1040001300001T 0600249600300050008840D00000000000000000001               07052015000000000000781001043613                         090000017982670001104986421000000078197005068277017982670001110000000000000000004810000000000                 
1040001300002U 0600000000000000000000000000000000000000000015600000000000015600000000000078100000000000046900000000000000000000000000000007052015120520151900        000000000000000CIP COMPENSACAO               811                           
1040001300003T 0600249600300050008840D00000000000000000001               07052015000000000035600001043613                         090000087135660001104946421000003560097005068277087135660001110000000000000000004810000000000                 
1040001300004U 0600000000000000000000000000000000000000000712000000000000712000000000003560000000000002136000000000000000000000000000000007052015120520151900        000000000000000CIP COMPENSACAO               811                           
1040001300005T 0600249600300050008840D00000000000000000001               07052015000000000345419237017418                         090000547915200001104916421000034541997005068277547915200001110000000000000000004810000000000                 
1040001300006U 0600000000000000000000000000000000000000006908400000000006908400000000034541900000000020725100000000000000000000000000000007052015120520151900        000000000000000CIP COMPENSACAO               811                           
1040001300007T 0600249600300050008840D00000000000000000001               08052015000000000013560104007595                         090000051525340001104976422000001356097005068277051525340001110000000000000000004480000000000                 
1040001300008U 0600000000000000000000000000000000000000000271200000000000271200000000001356000000000000813600000000000000000000000000000008052015120520151100        000000000000000AUTOMACAO                     811                           
1040001300009T 0600249600300050008840D00000000000000000001               11052015000000000002713104048828                         090000054201130001104916425000000271397005068277054201130001110000000000000000001800000000000                 
1040001300010U 06000000000000000000000000000000000000000000543000000000000543000000000002713000000000001627000000000000000000000000000000080520151205201512I0        000000000000000INTERNET                      811                           
1040001300011T 0600249600300050008840D00000000000000000001               05052015000000000010852104020443                         090000062112250001104956419000001085297005068277062112250001110000000000000000004480000000000                 
1040001300012U 0600000000000141000000000000000000000000000217000000000000217000000000001226200000000000792200000000000000000000000000000008052015120520151100        000000000000000AUTOMACAO                     811                           
1040001300013T 0600249600300050008840D00000000000000000001               29052015000000000016265104020443                         090000075758540001104996443000001626597005068277075758540001110000000000000000001800000000000                 
1040001300014U 06000000000000000000000000000000000000000003253000000000003253000000000016265000000000009759000000000000000000000000000000080520151205201512I0        000000000000000INTERNET                      811                           
1040001300015T 0600249600300050008840D00000000000000000001               08052015000000000024417104005398                         090000151824040001104986422000002441797005068277151824040001110000000000000000001800000000000                 
1040001300016U 06000000000000000000000000000000000000000004883000000000004883000000000024417000000000014651000000000000000000000000000000080520151205201512I0        000000000000000INTERNET                      811                           
1040001300017T 0600249600300050008840D00000000000000000001               30042015000000000010849104038113                         090000158668680001104976414000001084997005068277158668680001110000000000000000004480000000000                 
1040001300018U 0600000000000141100000000000000000000000000217000000000000217000000000001226000000000000792000000000000000000000000000000008052015120520151100        000000000000000AUTOMACAO                     811                           
1040001300019T 0600249600300050008840D00000000000000000001               30042015000000000023643104007595                         090000198014120001104936414000002364397005068277198014120001120000000000000000004480000000000                 
1040001300020U 0600000000000236500000000000000000000000000472900000000000472900000000002600800000000001655000000000000000000000000000000008052015120520151100        000000000000000AUTOMACAO                     812                           
1040001300021T 0600249600300050008840D00000000000000000001               30042015000000000013560104020087                         090000700335760001104986414000001356097005068277700335760001110000000000000000004480000000000                 
1040001300022U 0600000000000149200000000000000000000000000271200000000000271200000000001505200000000000962800000000000000000000000000000008052015120520151100        000000000000000AUTOMACAO                     811                           
1040001300023T 0600249600300050008840I10140200000001200001               00000000000000000000000000000000                         090000000000000000SINEDIFNIT                              00000000000000000000000000000000000                 
1040001300024U 0600000000000000000000000000000000000000000000000000000000000000000000000000000000000001468500000000000000000000000000000007052015120520150  0        000000000000000                              000                           
1040001300025T 0600249600300050008840I10288900000000100001               00000000000000000000000000000000                         090000000000000000SECOVIBALNCAMBORIU                      00000000000000000000000000000000000                 
1040001300026U 0600000000000000000000000000000000000000000000000000000000000000000000000000000000000000036700000000000000000000000000000008052015120520150  0        000000000000000                              000                           
1040001300027T 0600249600300050008840I10347900000000500001               00000000000000000000000000000000                         090000000000000000                                        00000000000000000000000000000000000                 
1040001300028U 0600000000000000000000000000000000000000000000000000000000000000000000000000000000000001386500000000000000000000000000000007052015120520150  0        000000000000000                              000                           
1040001300029T 0600249600300050008840I10386800000000100001               00000000000000000000000000000000                         090000000000000000                                        00000000000000000000000000000000000                 
1040001300030U 0600000000000000000000000000000000000000000000000000000000000000000000000000000000000001914900000000000000000000000000000007052015120520150  0        000000000000000                              000                           
1040001300031T 0600249600300050008840I10815700000001400001               00000000000000000000000000000000                         090000000000000000SINEMPEDIMUNRJ                          00000000000000000000000000000000000                 
1040001300032U 0600000000000000000000000000000000000000000000000000000000000000000000000000000000000002668200000000000000000000000000000007052015120520150  0        000000000000000                              000                           
1040001300033T 0600249600300050008840I18759600000000200001               00000000000000000000000000000000                         090000000000000000SEDCONRS                                00000000000000000000000000000000000                 
1040001300034U 0600000000000000000000000000000000000000000000000000000000000000000000000000000000000000088500000000000000000000000000000007052015120520150  0        000000000000000                              000                           
1040001300035T 0600249600300050008840I18881000000000600001               00000000000000000000000000000000                         090000000000000000SEEG                                    00000000000000000000000000000000000                 
1040001300036U 0600000000000000000000000000000000000000000000000000000000000000000000000000000000000000375000000000000000000000000000000007052015120520150  0        000000000000000                              000                           
1040001300037T 0600249600300050008840I18955500000000100001               00000000000000000000000000000000                         090000000000000000SIN EMP ED COND TAUBATE ZELADO          00000000000000000000000000000000000                 
1040001300038U 0600000000000000000000000000000000000000000000000000000000000000000000000000000000000000379800000000000000000000000000000008052015120520150  0        000000000000000                              000                           
1040001300039T 0600249600300050008840I18969500000000500001               00000000000000000000000000000000                         090000000000000000SINEVALI SIN EMPREG ED V PAR L          00000000000000000000000000000000000                 
1040001300040U 0600000000000000000000000000000000000000000000000000000000000000000000000000000000000002512500000000000000000000000000000007052015120520150  0        000000000000000                              000                           
1040001300041T 0600249600300050008840I19714500000000100001               00000000000000000000000000000000                         090000000000000000STCSVSP                                 00000000000000000000000000000000000                 
1040001300042U 0600000000000000000000000000000000000000000000000000000000000000000000000000000000000000059200000000000000000000000000000008052015120520150  0        000000000000000                              000                           
1040001300043T 0600249600300050008840I19812400000000800001               00000000000000000000000000000000                         090000000000000000SINDITRABCONDO                          00000000000000000000000000000000000                 
1040001300044U 0600000000000000000000000000000000000000000000000000000000000000000000000000000000000002259100000000000000000000000000000008052015120520150  0        000000000000000                              000                           
10400015         00004400000000000000000000000000000000000000000000000000000000000000000000000000000000000000022591                           00000000000000000000000000000                                                                     
10499999         000001000048000000000              00000 000000000000                                                                        00000000000000000000000000000                                                                     
