10400000         201274648000119200506              00249600300050008840FED NAC TRAB EDIF CONDOMINIOS CAIXA ECONOMICA FEDERAL                 23004201513454300180306000000                                                                     
10400011T01  030 2001274648000119200506              00249600300050008840FED NAC TRAB EDIF CONDOMINIOS 200506FED NAC TRAB EDIF CONDOMINIOS     300562CONATEC                           000000003004201500000000                                 
1040001300001T 0600249600300050008840D00000000000000000001               30042015000000000000000033036200                         090000000000541634104956414000000000097005068277000000541634110000000000000000004810000000000                 
1040001300002U 0600000000000000000000000000000000000000000194100000000000194100000000000970700000000000582500000000000000000000000000000028042015040520151900        000000000000000CIP COMPENSACAO               811                           
1040001300003T 0600249600300050008840D00000000000000000001               30042015000000000000000033036200                         090000000000541639104976414000000000097005068277000000541639110000000000000000004810000000000                 
1040001300004U 0600000000000000000000000000000000000000000598800000000000598800000000002994200000000001796600000000000000000000000000000028042015040520151900        000000000000000CIP COMPENSACAO               811                           
1040001300005T 0600249600300050008840D00000000000000000001               30042015000000000000000033036200                         090000000000541669104936414000000000097005068277000000541669110000000000000000004810000000000                 
1040001300006U 0600000000000000000000000000000000000000000063700000000000063700000000000318700000000000191300000000000000000000000000000028042015040520151900        000000000000000CIP COMPENSACAO               811                           
1040001300007T 0600249600300050008840D00000000000000000001               30042015000000000000000237004073                         090000000000541686104956414000000000097005068277000000541686110000000000000000004810000000000                 
1040001300008U 0600000000000000000000000000000000000000000144600000000000144600000000000723200000000000434000000000000000000000000000000028042015040520151900        000000000000000CIP COMPENSACAO               811                           
1040001300009T 0600249600300050008840D00000000000000000001               30042015000000000000000341079090                         090000000000541690104926414000000000097005068277000000541690110000000000000000004810000000000                 
1040001300010U 0600000000000000000000000000000000000000000289400000000000289400000000001446800000000000868000000000000000000000000000000028042015040520151900        000000000000000CIP COMPENSACAO               811                           
1040001300011T 0600249600300050008840D00000000000000000001               30042015000000000000000237029670                         090000000000541725104916414000000000097005068277000000541725110000000000000000004810000000000                 
1040001300012U 0600000000000000000000000000000000000000000320500000000000320500000000001602600000000000961600000000000000000000000000000028042015040520151900        000000000000000CIP COMPENSACAO               811                           
1040001300013T 0600249600300050008840D00000000000000000001               30042015000000000000000033036200                         090000000000541748104916414000000000097005068277000000541748110000000000000000004810000000000                 
1040001300014U 0600000000000000000000000000000000000000000066700000000000066700000000000333300000000000199900000000000000000000000000000028042015040520151900        000000000000000CIP COMPENSACAO               811                           
1040001300015T 0600249600300050008840D00000000000000000001               30042015000000000000000237004073                         090000000000541758104966414000000000097005068277000000541758110000000000000000004810000000000                 
1040001300016U 0600000000000000000000000000000000000000000358400000000000358400000000001792100000000001075300000000000000000000000000000028042015040520151900        000000000000000CIP COMPENSACAO               811                           
1040001300017T 0600249600300050008840D00000000000000000001               30042015000000000000000237029670                         090000000000541809104916414000000000097005068277000000541809110000000000000000004810000000000                 
1040001300018U 0600000000000000000000000000000000000000000069100000000000069100000000000345700000000000207500000000000000000000000000000028042015040520151900        000000000000000CIP COMPENSACAO               811                           
1040001300019T 0600249600300050008840D00000000000000000001               30042015000000000000000033036200                         090000000000541840104946414000000000097005068277000000541840110000000000000000004810000000000                 
1040001300020U 0600000000000000000000000000000000000000001328200000000001328200000000006641100000000003984700000000000000000000000000000028042015040520151900        000000000000000CIP COMPENSACAO               811                           
1040001300021T 0600249600300050008840D00000000000000000001               30042015000000000000000033036200                         090000000000541847104996414000000000097005068277000000541847110000000000000000004810000000000                 
1040001300022U 0600000000000000000000000000000000000000000642300000000000642300000000003211400000000001926800000000000000000000000000000028042015040520151900        000000000000000CIP COMPENSACAO               811                           
1040001300023T 0600249600300050008840D00000000000000000001               30042015000000000000000341030120                         090000000000541862104986414000000000097005068277000000541862110000000000000000004810000000000                 
1040001300024U 0600000000000000000000000000000000000000000425700000000000425700000000002128500000000001277100000000000000000000000000000028042015040520151900        000000000000000CIP COMPENSACAO               811                           
1040001300025T 0600249600300050008840D00000000000000000001               30042015000000000000000033036200                         090000000000541869104926414000000000097005068277000000541869110000000000000000004810000000000                 
1040001300026U 0600000000000000000000000000000000000000000113000000000000113000000000000565000000000000339000000000000000000000000000000028042015040520151900        000000000000000CIP COMPENSACAO               811                           
1040001300027T 0600249600300050008840D00000000000000000001               30042015000000000000000341006467                         090000000000541882104996414000000000097005068277000000541882110000000000000000004810000000000                 
1040001300028U 0600000000000000000000000000000000000000001701100000000001701100000000008505400000000005103200000000000000000000000000000028042015040520151900        000000000000000CIP COMPENSACAO               811                           
1040001300029T 0600249600300050008840D00000000000000000001               30042015000000000000000341048283                         090000000000541890104916414000000000097005068277000000541890110000000000000000004810000000000                 
1040001300030U 0600000000000000000000000000000000000000001833000000000001833000000000009165100000000005499100000000000000000000000000000028042015040520151900        000000000000000CIP COMPENSACAO               811                           
1040001300031T 0600249600300050008840D00000000000000000001               30042015000000000000000237013684                         090000000000541898104926414000000000097005068277000000541898110000000000000000004810000000000                 
1040001300032U 0600000000000000000000000000000000000000000999300000000000999300000000004996300000000002997700000000000000000000000000000028042015040520151900        000000000000000CIP COMPENSACAO               811                           
1040001300033T 0600249600300050008840D00000000000000000001               30042015000000000000000033039420                         090000000000541908104986414000000000097005068277000000541908110000000000000000004810000000000                 
1040001300034U 0600000000000000000000000000000000000000000108900000000000108900000000000544700000000000326900000000000000000000000000000028042015040520151900        000000000000000CIP COMPENSACAO               811                           
1040001300035T 0600249600300050008840D00000000000000000001               30042015000000000000000033036200                         090000000000541928104996414000000000097005068277000000541928110000000000000000004810000000000                 
1040001300036U 0600000000000000000000000000000000000000000100700000000000100700000000000503300000000000301900000000000000000000000000000028042015040520151900        000000000000000CIP COMPENSACAO               811                           
1040001300037T 0600249600300050008840D00000000000000000001               30042015000000000000000033036200                         090000000000541930104936414000000000097005068277000000541930110000000000000000004810000000000                 
1040001300038U 0600000000000000000000000000000000000000000667000000000000667000000000003334800000000002000800000000000000000000000000000028042015040520151900        000000000000000CIP COMPENSACAO               811                           
1040001300039T 0600249600300050008840D00000000000000000001               30042015000000000000000001003212                         090000000000544081104976414000000000097005068277000000544081110000000000000000004810000000000                 
1040001300040U 0600000000000000000000000000000000000000000043500000000000043500000000000217400000000000130400000000000000000000000000000028042015040520151900        000000000000000CIP COMPENSACAO               811                           
1040001300041T 0600249600300050008840D00000000000000000001               30042015000000000000000748015199                         090000000000544650104916414000000000097005068277000000544650110000000000000000004810000000000                 
1040001300042U 0600000000000000000000000000000000000000000354700000000000354700000000001773300000000001063900000000000000000000000000000028042015040520151900        000000000000000CIP COMPENSACAO               811                           
1040001300043T 0600249600300050008840D00000000000000000001               30042015000000000013560001048330                         090000004178470001104926414000001356097005068277004178470001110000000000000000004810000000000                 
1040001300044U 0600000000000000000000000000000000000000000271200000000000271200000000001356000000000000813600000000000000000000000000000028042015040520151900        000000000000000CIP COMPENSACAO               811                           
1040001300045T 0600249600300050008840D00000000000000000001               30042015000000000002713341093149                         090000011327460001104996414000000271397005068277011327460001110000000000000000004810000000000                 
1040001300046U 0600000000000000000000000000000000000000000054300000000000054300000000000271300000000000162700000000000000000000000000000028042015040520151900        000000000000000CIP COMPENSACAO               811                           
1040001300047T 0600249600300050008840D00000000000000000001               30042015000000000005424001048330                         090000012685480001104976414000000542497005068277012685480001110000000000000000004810000000000                 
1040001300048U 0600000000000000000000000000000000000000000108500000000000108500000000000542400000000000325400000000000000000000000000000028042015040520151900        000000000000000CIP COMPENSACAO               811                           
1040001300049T 0600249600300050008840D00000000000000000001               30042015000000000002713001048330                         090000013818740001104926414000000271397005068277013818740001110000000000000000004810000000000                 
1040001300050U 0600000000000000000000000000000000000000000054300000000000054300000000000271300000000000162700000000000000000000000000000028042015040520151900        000000000000000CIP COMPENSACAO               811                           
1040001300051T 0600249600300050008840D00000000000000000001               30042015000000000008136237003212                         090000024410470001104936414000000813697005068277024410470001110000000000000000004810000000000                 
1040001300052U 0600000000000000000000000000000000000000000162700000000000162700000000000813600000000000488200000000000000000000000000000028042015040520151900        000000000000000CIP COMPENSACAO               811                           
1040001300053T 0600249600300050008840D00000000000000000001               30042015000000000013134104020443                         090000025876220001104966414000001313497005068277025876220001110000000000000000004480000000000                 
1040001300054U 0600000000000000000000000000000000000000000262700000000000262700000000001313400000000000788000000000000000000000000000000028042015040520152100        000000000000000AUTOMACAO                     811                           
1040001300055T 0600249600300050008840D00000000000000000001               30042015000000000008139341016500                         090000027442970001104996414000000813997005068277027442970001110000000000000000004810000000000                 
1040001300056U 0600000000000000000000000000000000000000000162800000000000162800000000000813900000000000488300000000000000000000000000000028042015040520151900        000000000000000CIP COMPENSACAO               811                           
1040001300057T 0600249600300050008840D00000000000000000001               30042015000000000013560001048330                         090000030201160001104946414000001356097005068277030201160001110000000000000000004810000000000                 
1040001300058U 0600000000000000000000000000000000000000000271200000000000271200000000001356000000000000813600000000000000000000000000000028042015040520151900        000000000000000CIP COMPENSACAO               811                           
1040001300059T 0600249600300050008840D00000000000000000001               30042015000000000013565001035254                         090000032710440001104916414000001356597005064277032710440001120000000000000000004810000000000                 
1040001300060U 0600000000000000000000000000000000000000000271300000000000271300000000001356500000000000813900000000000000000000000000000028042015040520151900        000000000000000CIP COMPENSACAO               412                           
1040001300061T 0600249600300050008840D00000000000000000001               30042015000000000005424033032115                         090000033320760001104986414000000542497005068277033320760001110000000000000000004810000000000                 
1040001300062U 0600000000000000000000000000000000000000000108500000000000108500000000000542400000000000325400000000000000000000000000000028042015040520151900        000000000000000CIP COMPENSACAO               811                           
1040001300063T 0600249600300050008840D00000000000000000001               30042015000000000010848237030708                         090000034536300001104936414000001084897005068277034536300001110000000000000000004810000000000                 
1040001300064U 0600000000000000000000000000000000000000000217000000000000217000000000001084800000000000650800000000000000000000000000000028042015040520151900        000000000000000CIP COMPENSACAO               811                           
1040001300065T 0600249600300050008840D00000000000000000001               30042015000000000010852033032115                         090000042605300001104966414000001085297005068277042605300001110000000000000000004810000000000                 
1040001300066U 0600000000000000000000000000000000000000000217000000000000217000000000001085200000000000651200000000000000000000000000000028042015040520151900        000000000000000CIP COMPENSACAO               811                           
1040001300067T 0600249600300050008840D00000000000000000001               30042015000000000010848104020443                         090000049753020001104986414000001084897005068277049753020001110000000000000000004480000000000                 
1040001300068U 0600000000000000000000000000000000000000000217000000000000217000000000001084800000000000650800000000000000000000000000000028042015040520152100        000000000000000AUTOMACAO                     811                           
1040001300069T 0600249600300050008840D00000000000000000001               30042015000000000025282001048330                         090000052388680001104946414000002528297005068277052388680001110000000000000000004810000000000                 
1040001300070U 0600000000000000000000000000000000000000000505600000000000505600000000002528200000000001517000000000000000000000000000000028042015040520151900        000000000000000CIP COMPENSACAO               811                           
1040001300071T 0600249600300050008840D00000000000000000001               30042015000000000013560104020443                         090000054402780001104926414000001356097005068277054402780001110000000000000000004480000000000                 
1040001300072U 0600000000000000000000000000000000000000000271200000000000271200000000001356000000000000813600000000000000000000000000000028042015040520152100        000000000000000AUTOMACAO                     811                           
1040001300073T 0600249600300050008840D00000000000000000001               30042015000000000014835104020443                         090000056016100001104936414000001483597005068277056016100001110000000000000000004480000000000                 
1040001300074U 0600000000000000000000000000000000000000000296700000000000296700000000001483500000000000890100000000000000000000000000000028042015040520152100        000000000000000AUTOMACAO                     811                           
1040001300075T 0600249600300050008840D00000000000000000001               30042015000000000002713756041947                         090000056508300001104926414000000271397005068277056508300001110000000000000000004810000000000                 
1040001300076U 0600000000000000000000000000000000000000000054300000000000054300000000000271300000000000162700000000000000000000000000000028042015040520151900        000000000000000CIP COMPENSACAO               811                           
1040001300077T 0600249600300050008840D00000000000000000001               30042015000000000013565237021342                         090000057750420001104926414000001356597005068277057750420001110000000000000000004810000000000                 
1040001300078U 0600000000000000000000000000000000000000000271300000000000271300000000001356500000000000813900000000000000000000000000000028042015040520151900        000000000000000CIP COMPENSACAO               811                           
1040001300079T 0600249600300050008840D00000000000000000001               30042015000000000004800341093149                         090000072192110001104966414000000480097005068277072192110001110000000000000000004810000000000                 
1040001300080U 0600000000000000000000000000000000000000000096000000000000096000000000000480000000000000288000000000000000000000000000000028042015040520151900        000000000000000CIP COMPENSACAO               811                           
1040001300081T 0600249600300050008840D00000000000000000001               30042015000000000010852341065307                         090000073557480001104926414000001085297005065277073557480001510000000000000000004810000000000                 
1040001300082U 0600000000000000000000000000000000000000000217000000000000217000000000001085200000000000651200000000000000000000000000000028042015040520151900        000000000000000CIP COMPENSACAO               551                           
1040001300083T 0600249600300050008840D00000000000000000001               30042015000000000028753341051683                         090000073957870001104976414000002875397005068277073957870001110000000000000000004810000000000                 
1040001300084U 0600000000000000000000000000000000000000000575100000000000575100000000002875300000000001725100000000000000000000000000000028042015040520151900        000000000000000CIP COMPENSACAO               811                           
1040001300085T 0600249600300050008840D00000000000000000001               30042015000000000016272237021342                         090000077008870001104996414000001627297005068277077008870001110000000000000000004810000000000                 
1040001300086U 0600000000000000000000000000000000000000000325400000000000325400000000001627200000000000976400000000000000000000000000000028042015040520151900        000000000000000CIP COMPENSACAO               811                           
1040001300087T 0600249600300050008840D00000000000000000001               30042015000000000010848341093149                         090000079559530001104916414000001084897005068277079559530001110000000000000000004810000000000                 
1040001300088U 0600000000000000000000000000000000000000000217000000000000217000000000001084800000000000650800000000000000000000000000000028042015040520151900        000000000000000CIP COMPENSACAO               811                           
1040001300089T 0600249600300050008840D00000000000000000001               30042015000000000001737087016039                         090000085986790001104976414000000173797005068277085986790001110000000000000000004810000000000                 
1040001300090U 0600000000000000000000000000000000000000000034700000000000034700000000000173700000000000104300000000000000000000000000000028042015040520151900        000000000000000CIP COMPENSACAO               811                           
1040001300091T 0600249600300050008840D00000000000000000001               30042015000000000013560756041947                         090000091713280001104916414000001356097005068277091713280001110000000000000000004810000000000                 
1040001300092U 0600000000000000000000000000000000000000000271200000000000271200000000001356000000000000813600000000000000000000000000000028042015040520151900        000000000000000CIP COMPENSACAO               811                           
1040001300093T 0600249600300050008840D00000000000000000001               30042015000000000009054341016500                         090000093005620001104956414000000905497005068277093005620001110000000000000000004810000000000                 
1040001300094U 0600000000000000000000000000000000000000000181100000000000181100000000000905400000000000543200000000000000000000000000000028042015040520151900        000000000000000CIP COMPENSACAO               811                           
1040001300095T 0600249600300050008840D00000000000000000001               30042015000000000002712237021148                         090000093655660001104976414000000271297005068277093655660001110000000000000000004810000000000                 
1040001300096U 0600000000000000000000000000000000000000000054200000000000054200000000000271200000000000162800000000000000000000000000000028042015040520151900        000000000000000CIP COMPENSACAO               811                           
1040001300097T 0600249600300050008840D00000000000000000001               30042015000000000016272341093149                         090000093845660001104956414000001627297005068277093845660001110000000000000000004810000000000                 
1040001300098U 0600000000000000000000000000000000000000000325400000000000325400000000001627200000000000976400000000000000000000000000000028042015040520151900        000000000000000CIP COMPENSACAO               811                           
1040001300099T 0600249600300050008840D00000000000000000001               30042015000000000016272001047171                         090000093948110001104936414000001627297005068277093948110001110000000000000000004810000000000                 
1040001300100U 0600000000000000000000000000000000000000000325400000000000325400000000001627200000000000976400000000000000000000000000000028042015040520151900        000000000000000CIP COMPENSACAO               811                           
1040001300101T 0600249600300050008840D00000000000000000001               30042015000000000013560341071234                         090000105830500001104946414000001356097005068277105830500001110000000000000000004810000000000                 
1040001300102U 0600000000000000000000000000000000000000000271200000000000271200000000001356000000000000813600000000000000000000000000000028042015040520151900        000000000000000CIP COMPENSACAO               811                           
1040001300103T 0600249600300050008840D00000000000000000001               30042015000000000016187341003824                         090000107029000001104976414000001618797005068277107029000001110000000000000000004810000000000                 
1040001300104U 0600000000000000000000000000000000000000000323700000000000323700000000001618700000000000971300000000000000000000000000000028042015040520151900        000000000000000CIP COMPENSACAO               811                           
1040001300105T 0600249600300050008840D00000000000000000001               30042015000000000013560104020443                         090000114065160001104946414000001356097005068277114065160001110000000000000000004480000000000                 
1040001300106U 0600000000000000000000000000000000000000000271200000000000271200000000001356000000000000813600000000000000000000000000000028042015040520152100        000000000000000AUTOMACAO                     811                           
1040001300107T 0600249600300050008840D00000000000000000001               30042015000000000013560341071234                         090000118798490001104916414000001356097005068277118798490001110000000000000000004810000000000                 
1040001300108U 0600000000000000000000000000000000000000000271200000000000271200000000001356000000000000813600000000000000000000000000000028042015040520151900        000000000000000CIP COMPENSACAO               811                           
1040001300109T 0600249600300050008840D00000000000000000001               30042015000000000009055237030708                         090000133110400001104926414000000905597005068277133110400001110000000000000000004810000000000                 
1040001300110U 0600000000000000000000000000000000000000000181100000000000181100000000000905500000000000543300000000000000000000000000000028042015040520151900        000000000000000CIP COMPENSACAO               811                           
1040001300111T 0600249600300050008840D00000000000000000001               30042015000000000003592756030325                         090000136601710001104936414000000359297005068277136601710001110000000000000000004810000000000                 
1040001300112U 0600000000000000000000000000000000000000000071800000000000071800000000000359200000000000215600000000000000000000000000000028042015040520151900        000000000000000CIP COMPENSACAO               811                           
1040001300113T 0600249600300050008840D00000000000000000001               30042015000000000192134237064874                         090000137918900001104996414000019213497005068277137918900001110000000000000000004810000000000                 
1040001300114U 0600000000000000000000000000000000000000003842700000000003842700000000019213400000000011528000000000000000000000000000000028042015040520151900        000000000000000CIP COMPENSACAO               811                           
1040001300115T 0600249600300050008840D00000000000000000001               30042015000000000013560341071234                         090000143812280001104916414000001356097005068277143812280001110000000000000000004810000000000                 
1040001300116U 0600000000000000000000000000000000000000000271200000000000271200000000001356000000000000813600000000000000000000000000000028042015040520151900        000000000000000CIP COMPENSACAO               811                           
1040001300117T 0600249600300050008840D00000000000000000001               30042015000000000038835237030708                         090000149640730001104946414000003883597005068277149640730001110000000000000000004810000000000                 
1040001300118U 0600000000000000000000000000000000000000000776700000000000776700000000003883500000000002330100000000000000000000000000000028042015040520151900        000000000000000CIP COMPENSACAO               811                           
1040001300119T 0600249600300050008840D00000000000000000001               30042015000000000001973756030392                         090000150679820001104986414000000197397005068277150679820001110000000000000000004810000000000                 
1040001300120U 0600000000000000000000000000000000000000000039500000000000039500000000000197300000000000118300000000000000000000000000000028042015040520151900        000000000000000CIP COMPENSACAO               811                           
1040001300121T 0600249600300050008840D00000000000000000001               30042015000000000209634341065307                         090000168636030001104996414000020963497005068277168636030001020000000000000000004810000000000                 
1040001300122U 0600000000000000000000000000000000000000004192700000000004192700000000020963400000000012578000000000000000000000000000000028042015040520151900        000000000000000CIP COMPENSACAO               802                           
1040001300123T 0600249600300050008840D00000000000000000001               30042015000000000011234237030708                         090000188437750001104916414000001123497005068277188437750001110000000000000000004810000000000                 
1040001300124U 0600000000000000000000000000000000000000000224700000000000224700000000001123400000000000674000000000000000000000000000000028042015040520151900        000000000000000CIP COMPENSACAO               811                           
1040001300125T 0600249600300050008840D00000000000000000001               30042015000000000004351237030708                         090000201734010001104976414000000435197005068277201734010001110000000000000000004810000000000                 
1040001300126U 0600000000000000000000000000000000000000000087000000000000087000000000000435100000000000261100000000000000000000000000000028042015040520151900        000000000000000CIP COMPENSACAO               811                           
1040001300127T 0600249600300050008840D00000000000000000001               30042015000000000005063237030708                         090000213553860001104936414000000506397005068277213553860001110000000000000000004810000000000                 
1040001300128U 0600000000000000000000000000000000000000000101300000000000101300000000000506300000000000303700000000000000000000000000000028042015040520151900        000000000000000CIP COMPENSACAO               811                           
1040001300129T 0600249600300050008840D00000000000000000001               30042015000000000005254001048330                         090000243703480001104936414000000525497005068277243703480001110000000000000000004810000000000                 
1040001300130U 0600000000000000000000000000000000000000000105100000000000105100000000000525400000000000315200000000000000000000000000000028042015040520151900        000000000000000CIP COMPENSACAO               811                           
1040001300131T 0600249600300050008840D00000000000000000001               30042015000000000020795237030708                         090000407564960001104916414000002079597005068277407564960001110000000000000000004810000000000                 
1040001300132U 0600000000000000000000000000000000000000000415900000000000415900000000002079500000000001247700000000000000000000000000000028042015040520151900        000000000000000CIP COMPENSACAO               811                           
1040001300133T 0600249600300050008840D00000000000000000001               30042015000000000008136001035254                         090000409860440001104916414000000813697005068277409860440001110000000000000000004810000000000                 
1040001300134U 0600000000000000000000000000000000000000000162700000000000162700000000000813600000000000488200000000000000000000000000000028042015040520151900        000000000000000CIP COMPENSACAO               811                           
1040001300135T 0600249600300050008840D00000000000000000001               30042015000000000009334237003859                         090000612783880150104956414000000933497005068277612783880150590000000000000000004810000000000                 
1040001300136U 0600000000000000000000000000000000000000000186700000000000186700000000000933400000000000560000000000000000000000000000000028042015040520151900        000000000000000CIP COMPENSACAO               859                           
1040001300137T 0600249600300050008840D00000000000000000001               30042015000000000013560001048330                         090000701447950001104946414000001356097005068277701447950001110000000000000000004810000000000                 
1040001300138U 0600000000000000000000000000000000000000000271200000000000271200000000001356000000000000813600000000000000000000000000000028042015040520151900        000000000000000CIP COMPENSACAO               811                           
1040001300139T 0600249600300050008840D00000000000000000001               30042015000000000013560001048330                         090000703019810001104916414000001356097005068277703019810001110000000000000000004810000000000                 
1040001300140U 0600000000000000000000000000000000000000000271200000000000271200000000001356000000000000813600000000000000000000000000000028042015040520151900        000000000000000CIP COMPENSACAO               811                           
1040001300141T 0600249600300050008840D00000000000000000001               30042015000000000000000104038113                         090000000000541708104996414000000000097005068277000000541708110000000000000000003050000000000                 
1040001300142U 0600000000000000000000000000000000000000000072300000000000072300000000000361700000000000217100000000000000000000000000000029042015040520151700        000000000000000LOTERICOS SISPL               811                           
1040001300143T 0600249600300050008840D00000000000000000001               30042015000000000000000104009083                         090000000000541754104916414000000000097005068277000000541754110000000000000000004480000000000                 
1040001300144U 0600000000000000000000000000000000000000000075700000000000075700000000000378400000000000227000000000000000000000000000000029042015040520151100        000000000000000AUTOMACAO                     811                           
1040001300145T 0600249600300050008840D00000000000000000001               30042015000000000000000104011037                         090000000000541830104996414000000000097005068277000000541830110000000000000000001800000000000                 
1040001300146U 06000000000000000000000000000000000000000003296000000000003296000000000016478000000000009886000000000000000000000000000000290420150405201512I0        000000000000000INTERNET                      811                           
1040001300147T 0600249600300050008840D00000000000000000001               30042015000000000000000104009083                         090000000000541863104946414000000000097005068277000000541863110000000000000000003050000000000                 
1040001300148U 0600000000000000000000000000000000000000000568500000000000568500000000002842700000000001705700000000000000000000000000000029042015040520151700        000000000000000LOTERICOS SISPL               811                           
1040001300149T 0600249600300050008840D00000000000000000001               30042015000000000000000104018961                         090000000000544290104956414000000000097005068277000000544290110000000000000000003050000000000                 
1040001300150U 0600000000000000000000000000000000000000000243600000000000243600000000001217900000000000730700000000000000000000000000000029042015040520151700        000000000000000LOTERICOS SISPL               811                           
1040001300151T 0600249600300050008840D00000000000000000001               30042015000000000000000104022306                         090000000004133653104916414000000000097005068277000004133653110000000000000000002190000000000                 
1040001300152U 06000000000000000000000000000000000000000000525000000000000525000000000002627000000000001577000000000000000000000000000000290420150405201512C0        000000000000000SALA DE CONVENIENCIA          811                           
1040001300153T 0600249600300050008840D00000000000000000001               30042015000000000002713104007595                         090000004716181448104916414000000271397005068277004716181448630000000000000000003050000000000                 
1040001300154U 0600000000000000000000000000000000000000000054300000000000054300000000000271300000000000162700000000000000000000000000000029042015040520151700        000000000000000LOTERICOS SISPL               863                           
1040001300155T 0600249600300050008840D00000000000000000001               30042015000000000003631104014060                         090000008164990001104996414000000363197005068277008164990001110000000000000000004480000000000                 
1040001300156U 0600000000000000000000000000000000000000000072600000000000072600000000000363100000000000217900000000000000000000000000000029042015040520151100        000000000000000AUTOMACAO                     811                           
1040001300157T 0600249600300050008840D00000000000000000001               30042015000000000020206104032425                         090000013523120001104916414000002020697005068277013523120001110000000000000000001800000000000                 
1040001300158U 06000000000000000000000000000000000000000004041000000000004041000000000020206000000000012124000000000000000000000000000000290420150405201512I0        000000000000000INTERNET                      811                           
1040001300159T 0600249600300050008840D00000000000000000001               30042015000000000013560104020443                         090000025714650001104976414000001356097005068277025714650001110000000000000000004480000000000                 
1040001300160U 0600000000000000000000000000000000000000000271200000000000271200000000001356000000000000813600000000000000000000000000000029042015040520151100        000000000000000AUTOMACAO                     811                           
1040001300161T 0600249600300050008840D00000000000000000001               30042015000000000013565104020443                         090000031114910001104926414000001356597005068277031114910001110000000000000000001800000000000                 
1040001300162U 06000000000000000000000000000000000000000002713000000000002713000000000013565000000000008139000000000000000000000000000000290420150405201512I0        000000000000000INTERNET                      811                           
1040001300163T 0600249600300050008840D00000000000000000001               30042015000000000005685104004146                         090000031336650001104956414000000568597005068277031336650001110000000000000000001800000000000                 
1040001300164U 06000000000000000000000000000000000000000001137000000000001137000000000005685000000000003411000000000000000000000000000000290420150405201512I0        000000000000000INTERNET                      811                           
1040001300165T 0600249600300050008840D00000000000000000001               30042015000000000002713104020443                         090000033837120001104916414000000271397005068277033837120001110000000000000000002190000000000                 
1040001300166U 06000000000000000000000000000000000000000000543000000000000543000000000002713000000000001627000000000000000000000000000000290420150405201512C0        000000000000000SALA DE CONVENIENCIA          811                           
1040001300167T 0600249600300050008840D00000000000000000001               30042015000000000010852104000337                         090000042901780001104916414000001085297005068277042901780001110000000000000000004480000000000                 
1040001300168U 0600000000000000000000000000000000000000000217000000000000217000000000001085200000000000651200000000000000000000000000000029042015040520151100        000000000000000AUTOMACAO                     811                           
1040001300169T 0600249600300050008840D00000000000000000001               30042015000000000021696104009083                         090000042977750001104956414000002169697005067277042977750001040000000000000000003050000000000                 
1040001300170U 0600000000000000000000000000000000000000000433900000000000433900000000002169600000000001301800000000000000000000000000000029042015040520151700        000000000000000LOTERICOS SISPL               704                           
1040001300171T 0600249600300050008840D00000000000000000001               30042015000000000008417104004146                         090000043521700001104926414000000841797005066277043521700001810000000000000000003050000000000                 
1040001300172U 0600000000000000000000000000000000000000000168300000000000168300000000000841700000000000505100000000000000000000000000000029042015040520151700        000000000000000LOTERICOS SISPL               681                           
1040001300173T 0600249600300050008840D00000000000000000001               30042015000000000002713104020443                         090000047565830001104916414000000271397005068277047565830001110000000000000000003050000000000                 
1040001300174U 0600000000000000000000000000000000000000000054300000000000054300000000000271300000000000162700000000000000000000000000000029042015040520151700        000000000000000LOTERICOS SISPL               811                           
1040001300175T 0600249600300050008840D00000000000000000001               30042015000000000016380104005398                         090000048253300001104986414000001638097005068277048253300001110000000000000000001800000000000                 
1040001300176U 06000000000000000000000000000000000000000003276000000000003276000000000016380000000000009828000000000000000000000000000000290420150405201512I0        000000000000000INTERNET                      811                           
1040001300177T 0600249600300050008840D00000000000000000001               30042015000000000013560104015857                         090000049660740001104946414000001356097005068277049660740001110000000000000000001800000000000                 
1040001300178U 06000000000000000000000000000000000000000002712000000000002712000000000013560000000000008136000000000000000000000000000000290420150405201512I0        000000000000000INTERNET                      811                           
1040001300179T 0600249600300050008840D00000000000000000001               30042015000000000002587104000345                         090000049962800001104996414000000258797005068277049962800001290000000000000000001800000000000                 
1040001300180U 06000000000000000000000000000000000000000000517000000000000517000000000002587000000000001553000000000000000000000000000000290420150405201512I0        000000000000000INTERNET                      829                           
1040001300181T 0600249600300050008840D00000000000000000001               30042015000000000008139104020443                         090000052412750001104946414000000813997005068277052412750001110000000000000000001800000000000                 
1040001300182U 06000000000000000000000000000000000000000001628000000000001628000000000008139000000000004883000000000000000000000000000000290420150405201512I0        000000000000000INTERNET                      811                           
1040001300183T 0600249600300050008840D00000000000000000001               30042015000000000008139104005398                         090000058135470001104976414000000813997005068277058135470001110000000000000000001800000000000                 
1040001300184U 06000000000000000000000000000000000000000001628000000000001628000000000008139000000000004883000000000000000000000000000000290420150405201512I0        000000000000000INTERNET                      811                           
1040001300185T 0600249600300050008840D00000000000000000001               29052015000000000018905104020443                         090000071070490001104926443000001890597005068277071070490001110000000000000000001800000000000                 
1040001300186U 06000000000000000000000000000000000000000003781000000000003781000000000018905000000000011343000000000000000000000000000000290420150405201512I0        000000000000000INTERNET                      811                           
1040001300187T 0600249600300050008840D00000000000000000001               30042015000000000003190104004146                         090000077939280001104916414000000319097005066277077939280001810000000000000000003050000000000                 
1040001300188U 0600000000000000000000000000000000000000000063800000000000063800000000000319000000000000191400000000000000000000000000000029042015040520151700        000000000000000LOTERICOS SISPL               681                           
1040001300189T 0600249600300050008840D00000000000000000001               30042015000000000002713104032425                         090000082705110001104916414000000271397005068277082705110001110000000000000000003050000000000                 
1040001300190U 0600000000000000000000000000000000000000000054300000000000054300000000000271300000000000162700000000000000000000000000000029042015040520151700        000000000000000LOTERICOS SISPL               811                           
1040001300191T 0600249600300050008840D00000000000000000001               30042015000000000006667104015857                         090000084019260001104976414000000666797005068277084019260001110000000000000000001800000000000                 
1040001300192U 06000000000000000000000000000000000000000001333000000000001333000000000006667000000000004001000000000000000000000000000000290420150405201512I0        000000000000000INTERNET                      811                           
1040001300193T 0600249600300050008840D00000000000000000001               30042015000000000125901104007595                         090000091677710001104966414000012590197005068277091677710001110000000000000000001800000000000                 
1040001300194U 06000000000000000000000000000000000000000025180000000000025180000000000125901000000000075541000000000000000000000000000000290420150405201512I0        000000000000000INTERNET                      811                           
1040001300195T 0600249600300050008840D00000000000000000001               30042015000000000024341104000353                         090000093901210001104926414000002434197005068277093901210001110000000000000000001800000000000                 
1040001300196U 06000000000000000000000000000000000000000004868000000000004868000000000024341000000000014605000000000000000000000000000000290420150405201512I0        000000000000000INTERNET                      811                           
1040001300197T 0600249600300050008840D00000000000000000001               30042015000000000299486104007595                         090000104071100001104916414000029948697005068277104071100001110000000000000000001800000000000                 
1040001300198U 06000000000000000000000000000000000000000059897000000000059897000000000299486000000000179692000000000000000000000000000000290420150405201512I0        000000000000000INTERNET                      811                           
1040001300199T 0600249600300050008840D00000000000000000001               30042015000000000016912104007595                         090000104657250001104946414000001691297005068277104657250001110000000000000000001800000000000                 
1040001300200U 06000000000000000000000000000000000000000003382000000000003382000000000016912000000000010148000000000000000000000000000000290420150405201512I0        000000000000000INTERNET                      811                           
1040001300201T 0600249600300050008840D00000000000000000001               30042015000000000002833104015857                         090000109318730001104986414000000283397005068277109318730001110000000000000000001800000000000                 
1040001300202U 06000000000000000000000000000000000000000000567000000000000567000000000002833000000000001699000000000000000000000000000000290420150405201512I0        000000000000000INTERNET                      811                           
1040001300203T 0600249600300050008840D00000000000000000001               30042015000000000016278104007595                         090000114987070001104946414000001627897005064277114987070001120000000000000000001800000000000                 
1040001300204U 06000000000000000000000000000000000000000003256000000000003256000000000016278000000000009766000000000000000000000000000000290420150405201512I0        000000000000000INTERNET                      412                           
1040001300205T 0600249600300050008840D00000000000000000001               30042015000000000040965104005398                         090000117770200001104916414000004096597005068277117770200001120000000000000000001800000000000                 
1040001300206U 06000000000000000000000000000000000000000008193000000000008193000000000040965000000000024579000000000000000000000000000000290420150405201512I0        000000000000000INTERNET                      812                           
1040001300207T 0600249600300050008840D00000000000000000001               30042015000000000002627104005398                         090000131214010001104926414000000262797005068277131214010001110000000000000000001800000000000                 
1040001300208U 06000000000000000000000000000000000000000000525000000000000525000000000002627000000000001577000000000000000000000000000000290420150405201512I0        000000000000000INTERNET                      811                           
1040001300209T 0600249600300050008840D00000000000000000001               30042015000000000115304104005398                         090000131477040001104986414000011530497005068277131477040001210000000000000000001800000000000                 
1040001300210U 06000000000000000000000000000000000000000023061000000000023061000000000115304000000000069182000000000000000000000000000000290420150405201512I0        000000000000000INTERNET                      821                           
1040001300211T 0600249600300050008840D00000000000000000001               30042015000000000033059104020087                         090000140149120001104946414000003305997005069277140149120001600000000000000000001800000000000                 
1040001300212U 06000000000000000000000000000000000000000006612000000000006612000000000033059000000000019835000000000000000000000000000000290420150405201512I0        000000000000000INTERNET                      960                           
1040001300213T 0600249600300050008840D00000000000000000001               30042015000000000079598104005398                         090000168585360001104966414000007959897005068277168585360001020000000000000000001800000000000                 
1040001300214U 06000000000000000000000000000000000000000015920000000000015920000000000079598000000000047758000000000000000000000000000000290420150405201512I0        000000000000000INTERNET                      802                           
1040001300215T 0600249600300050008840D00000000000000000001               30042015000000000798018104000345                         090000169132080001104966414000079801897005068277169132080001120000000000000000001800000000000                 
1040001300216U 06000000000000000000000000000000000000000159604000000000159604000000000798018000000000478810000000000000000000000000000000290420150405201512I0        000000000000000INTERNET                      812                           
1040001300217T 0600249600300050008840D00000000000000000001               30042015000000000011772104048836                         090000177466710001104916414000001177297005068277177466710001110000000000000000001800000000000                 
1040001300218U 06000000000000000000000000000000000000000002354000000000002354000000000011772000000000007064000000000000000000000000000000290420150405201512I0        000000000000000INTERNET                      811                           
1040001300219T 0600249600300050008840D00000000000000000001               30042015000000000010852104048828                         090000180811440101104916414000001085297005068277180811440101110000000000000000001800000000000                 
1040001300220U 06000000000000000000000000000000000000000002170000000000002170000000000010852000000000006512000000000000000000000000000000290420150405201512I0        000000000000000INTERNET                      811                           
1040001300221T 0600249600300050008840D00000000000000000001               30042015000000000024417104007595                         090000220556990001104986414000002441797005068277220556990001110000000000000000001800000000000                 
1040001300222U 06000000000000000000000000000000000000000004883000000000004883000000000024417000000000014651000000000000000000000000000000290420150405201512I0        000000000000000INTERNET                      811                           
1040001300223T 0600249600300050008840D00000000000000000001               30042015000000000002713104032425                         090000241927180001104986414000000271397005067277241927180001040000000000000000001800000000000                 
1040001300224U 06000000000000000000000000000000000000000000543000000000000543000000000002713000000000001627000000000000000000000000000000290420150405201512I0        000000000000000INTERNET                      704                           
1040001300225T 0600249600300050008840D00000000000000000001               30042015000000000029320104015857                         090000353025790001104996414000002932097005068277353025790001110000000000000000001800000000000                 
1040001300226U 06000000000000000000000000000000000000000005864000000000005864000000000029320000000000017592000000000000000000000000000000290420150405201512I0        000000000000000INTERNET                      811                           
1040001300227T 0600249600300050008840D00000000000000000001               30042015000000000008139104005398                         090000409977770001104966414000000813997005068277409977770001110000000000000000001800000000000                 
1040001300228U 06000000000000000000000000000000000000000001628000000000001628000000000008139000000000004883000000000000000000000000000000290420150405201512I0        000000000000000INTERNET                      811                           
1040001300229T 0600249600300050008840D00000000000000000001               30042015000000000016852104015857                         090000703020700001104996414000001685297005068277703020700001110000000000000000004480000000000                 
1040001300230U 0600000000000000000000000000000000000000000337000000000000337000000000001685200000000001011200000000000000000000000000000029042015040520151100        000000000000000AUTOMACAO                     811                           
1040001300231T 0600249600300050008840D00000000000000000001               30042015000000000013565104000337                         090000703020880001104916414000001356597005067277703020880001040000000000000000001800000000000                 
1040001300232U 06000000000000000000000000000000000000000002713000000000002713000000000013565000000000008139000000000000000000000000000000290420150405201512I0        000000000000000INTERNET                      704                           
1040001300233T 0600249600300050008840D00000000000000000001               30042015000000000002312104018961                         090000806316410001104926414000000231297005068277806316410001110000000000000000003050000000000                 
1040001300234U 0600000000000000000000000000000000000000000046200000000000046200000000000231200000000000138800000000000000000000000000000029042015040520151700        000000000000000LOTERICOS SISPL               811                           
1040001300235T 0600249600300050008840D00000000000000000001               30042015000000000003500104018961                         090000975014800001104966414000000350097005068277975014800001110000000000000000003050000000000                 
1040001300236U 0600000000000000000000000000000000000000000070000000000000070000000000000350000000000000210000000000000000000000000000000029042015040520151700        000000000000000LOTERICOS SISPL               811                           
1040001300237T 0600249600300050008840I10140200000011500001               00000000000000000000000000000000                         090000000000000000SINEDIFNIT                              00000000000000000000000000000000000                 
1040001300238U 0600000000000000000000000000000000000000000000000000000000000000000000000000000000000053983300000000000000000000000000000013042015040520150  0        000000000000000                              000                           
1040001300239T 0600249600300050008840I10288900000017400001               00000000000000000000000000000000                         090000000000000000SECOVIBALNCAMBORIU                      00000000000000000000000000000000000                 
1040001300240U 0600000000000000000000000000000000000000000000000000000000000000000000000000000000000029041200000000000000000000000000000028042015040520150  0        000000000000000                              000                           
1040001300241T 0600249600300050008840I10347900000031700001               00000000000000000000000000000000                         090000000000000000                                        00000000000000000000000000000000000                 
1040001300242U 0600000000000000000000000000000000000000000000000000000000000000000000000000000000000071157900000000000000000000000000000028042015040520150  0        000000000000000                              000                           
1040001300243T 0600249600300050008840I10386800000004300001               00000000000000000000000000000000                         090000000000000000                                        00000000000000000000000000000000000                 
1040001300244U 0600000000000000000000000000000000000000000000000000000000000000000000000000000000000015134900000000000000000000000000000028042015040520150  0        000000000000000                              000                           
1040001300245T 0600249600300050008840I10815700000089200001               00000000000000000000000000000000                         090000000000000000SINEMPEDIMUNRJ                          00000000000000000000000000000000000                 
1040001300246U 0600000000000000000000000000000000000000000000000000000000000000000000000000000000000255672700000000000000000000000000000028042015040520150  0        000000000000000                              000                           
1040001300247T 0600249600300050008840I18759600000069200001               00000000000000000000000000000000                         090000000000000000SEDCONRS                                00000000000000000000000000000000000                 
1040001300248U 0600000000000000000000000000000000000000000000000000000000000000000000000000000000000051962000000000000000000000000000000028042015040520150  0        000000000000000                              000                           
1040001300249T 0600249600300050008840I18881000000009100001               00000000000000000000000000000000                         090000000000000000SEEG                                    00000000000000000000000000000000000                 
1040001300250U 0600000000000000000000000000000000000000000000000000000000000000000000000000000000000020670000000000000000000000000000000028042015040520150  0        000000000000000                              000                           
1040001300251T 0600249600300050008840I18955500000000400001               00000000000000000000000000000000                         090000000000000000SIN EMP ED COND TAUBATE ZELADO          00000000000000000000000000000000000                 
1040001300252U 0600000000000000000000000000000000000000000000000000000000000000000000000000000000000000325300000000000000000000000000000028042015040520150  0        000000000000000                              000                           
1040001300253T 0600249600300050008840I18969500000015700001               00000000000000000000000000000000                         090000000000000000SINEVALI SIN EMPREG ED V PAR L          00000000000000000000000000000000000                 
1040001300254U 0600000000000000000000000000000000000000000000000000000000000000000000000000000000000059313900000000000000000000000000000028042015040520150  0        000000000000000                              000                           
1040001300255T 0600249600300050008840I19120300000003600001               00000000000000000000000000000000                         090000000000000000SINTECON SP                             00000000000000000000000000000000000                 
1040001300256U 0600000000000000000000000000000000000000000000000000000000000000000000000000000000000012643900000000000000000000000000000028042015040520150  0        000000000000000                              000                           
1040001300257T 0600249600300050008840I19714500000009700001               00000000000000000000000000000000                         090000000000000000STCSVSP                                 00000000000000000000000000000000000                 
1040001300258U 0600000000000000000000000000000000000000000000000000000000000000000000000000000000000024307900000000000000000000000000000028042015040520150  0        000000000000000                              000                           
1040001300259T 0600249600300050008840I19812400000003300001               00000000000000000000000000000000                         090000000000000000SINDITRABCONDO                          00000000000000000000000000000000000                 
1040001300260U 0600000000000000000000000000000000000000000000000000000000000000000000000000000000000007886500000000000000000000000000000028042015040520150  0        000000000000000                              000                           
1040001300261T 0600249600300050008840I19864400000011700001               00000000000000000000000000000000                         090000000000000000SINTRECON PELOTAS                       00000000000000000000000000000000000                 
1040001300262U 0600000000000000000000000000000000000000000000000000000000000000000000000000000000000014439400000000000000000000000000000029042015040520150  0        000000000000000                              000                           
1040001300263T 0600249600300050008840I19891100000000300001               00000000000000000000000000000000                         090000000000000000SINTCONDOMINIOS ST MARIA RS             00000000000000000000000000000000000                 
1040001300264U 0600000000000000000000000000000000000000000000000000000000000000000000000000000000000000376400000000000000000000000000000029042015040520150  0        000000000000000                              000                           
10400015         00026400000000000000000000000000000000000000000000000000000000000000000000000000000000000000003764                           00000000000000000000000000000                                                                     
10499999         000001000268000000000              00000 000000000000                                                                        00000000000000000000000000000                                                                     
