10400000         201274648000119200506              00249600300050008840FED NAC TRAB EDIF CONDOMINIOS CAIXA ECONOMICA FEDERAL                 20705201501572500180706000000                                                                     
10400011T01  030 2001274648000119200506              00249600300050008840FED NAC TRAB EDIF CONDOMINIOS 200506FED NAC TRAB EDIF CONDOMINIOS     300562CONATEC                           000000000705201500000000                                 
1040001300001T 0600249600300050008840D00000000000000000001               07052015000000000002627341083801                         090000021385870001104996421000000262797005068277021385870001110000000000000000004810000000000                 
1040001300002U 0600000000000000000000000000000000000000000052500000000000052500000000000262700000000000157700000000000000000000000000000005052015080520151900        000000000000000CIP COMPENSACAO               811                           
1040001300003T 0600249600300050008840D00000000000000000001               05052015000000000013565341065307                         090000076470800001104916419000001356597005068277076470800001110000000000000000004810000000000                 
1040001300004U 0600000000000000000000000000000000000000000271300000000000271300000000001356500000000000813900000000000000000000000000000005052015080520151900        000000000000000CIP COMPENSACAO               811                           
1040001300005T 0600249600300050008840D00000000000000000001               29052015000000000002713341036196                         090000085035160001104976443000000271397005068277085035160001110000000000000000004810000000000                 
1040001300006U 0600000000000000000000000000000000000000000054300000000000054300000000000271300000000000162700000000000000000000000000000005052015080520151900        000000000000000CIP COMPENSACAO               811                           
1040001300007T 0600249600300050008840D00000000000000000001               29052015000000000002713104020443                         090000005395160001104936443000000271397005068277005395160001110000000000000000004480000000000                 
1040001300008U 0600000000000000000000000000000000000000000054300000000000054300000000000271300000000000162700000000000000000000000000000006052015080520151100        000000000000000AUTOMACAO                     811                           
1040001300009T 0600249600300050008840D00000000000000000001               30042015000000000002627104015857                         090000106335100001104946414000000262797005068277106335100001110000000000000000004480000000000                 
1040001300010U 0600000000000031500000000000000000000000000052500000000000052500000000000294200000000000189200000000000000000000000000000006052015080520151100        000000000000000AUTOMACAO                     811                           
1040001300011T 0600249600300050008840D00000000000000000001               30042015000000000021800104020443                         090000188096410001104916414000002180097005068277188096410001120000000000000000003050000000000                 
1040001300012U 0600000000000280000000000000000000000000000436000000000000436000000000002460000000000001588000000000000000000000000000000006052015080520151700        000000000000000LOTERICOS SISPL               812                           
1040001300013T 0600249600300050008840I10140200000000900001               00000000000000000000000000000000                         090000000000000000SINEDIFNIT                              00000000000000000000000000000000000                 
1040001300014U 0600000000000000000000000000000000000000000000000000000000000000000000000000000000000003420100000000000000000000000000000005052015080520150  0        000000000000000                              000                           
1040001300015T 0600249600300050008840I10347900000000200001               00000000000000000000000000000000                         090000000000000000                                        00000000000000000000000000000000000                 
1040001300016U 0600000000000000000000000000000000000000000000000000000000000000000000000000000000000000118400000000000000000000000000000006052015080520150  0        000000000000000                              000                           
1040001300017T 0600249600300050008840I10386800000000400001               00000000000000000000000000000000                         090000000000000000                                        00000000000000000000000000000000000                 
1040001300018U 0600000000000000000000000000000000000000000000000000000000000000000000000000000000000005744200000000000000000000000000000005052015080520150  0        000000000000000                              000                           
1040001300019T 0600249600300050008840I10815700000001400001               00000000000000000000000000000000                         090000000000000000SINEMPEDIMUNRJ                          00000000000000000000000000000000000                 
1040001300020U 0600000000000000000000000000000000000000000000000000000000000000000000000000000000000004076300000000000000000000000000000005052015080520150  0        000000000000000                              000                           
1040001300021T 0600249600300050008840I18759600000000500001               00000000000000000000000000000000                         090000000000000000SEDCONRS                                00000000000000000000000000000000000                 
1040001300022U 0600000000000000000000000000000000000000000000000000000000000000000000000000000000000000650600000000000000000000000000000005052015080520150  0        000000000000000                              000                           
1040001300023T 0600249600300050008840I18881000000000900001               00000000000000000000000000000000                         090000000000000000SEEG                                    00000000000000000000000000000000000                 
1040001300024U 0600000000000000000000000000000000000000000000000000000000000000000000000000000000000001948200000000000000000000000000000005052015080520150  0        000000000000000                              000                           
1040001300025T 0600249600300050008840I18955500000000100001               00000000000000000000000000000000                         090000000000000000SIN EMP ED COND TAUBATE ZELADO          00000000000000000000000000000000000                 
1040001300026U 0600000000000000000000000000000000000000000000000000000000000000000000000000000000000000281700000000000000000000000000000006052015080520150  0        000000000000000                              000                           
1040001300027T 0600249600300050008840I18969500000000100001               00000000000000000000000000000000                         090000000000000000SINEVALI SIN EMPREG ED V PAR L          00000000000000000000000000000000000                 
1040001300028U 0600000000000000000000000000000000000000000000000000000000000000000000000000000000000000054300000000000000000000000000000005052015080520150  0        000000000000000                              000                           
1040001300029T 0600249600300050008840I19120300000000100001               00000000000000000000000000000000                         090000000000000000SINTECON SP                             00000000000000000000000000000000000                 
1040001300030U 0600000000000000000000000000000000000000000000000000000000000000000000000000000000000000430200000000000000000000000000000006052015080520150  0        000000000000000                              000                           
1040001300031T 0600249600300050008840I19812400000000800001               00000000000000000000000000000000                         090000000000000000SINDITRABCONDO                          00000000000000000000000000000000000                 
1040001300032U 0600000000000000000000000000000000000000000000000000000000000000000000000000000000000002626900000000000000000000000000000006052015080520150  0        000000000000000                              000                           
10400015         00003200000000000000000000000000000000000000000000000000000000000000000000000000000000000000026269                           00000000000000000000000000000                                                                     
10499999         000001000036000000000              00000 000000000000                                                                        00000000000000000000000000000                                                                     
