10400000         201274648000119200506              00249600300050008840FED NAC TRAB EDIF CONDOMINIOS CAIXA ECONOMICA FEDERAL                 22904201502451000180206000000                                                                     
10400011T01  030 2001274648000119200506              00249600300050008840FED NAC TRAB EDIF CONDOMINIOS 200506FED NAC TRAB EDIF CONDOMINIOS     300562CONATEC                           000000002904201500000000                                 
1040001300001T 0600249600300050008840D00000000000000000001               30042015000000000000000341001422                         090000000000541645104976414000000000097005068277000000541645110000000000000000004810000000000                 
1040001300002U 0600000000000000000000000000000000000000000289800000000000289800000000001449200000000000869600000000000000000000000000000027042015300420151900        000000000000000CIP COMPENSACAO               811                           
1040001300003T 0600249600300050008840D00000000000000000001               30042015000000000000000237001481                         090000000000541662104996414000000000097005068277000000541662110000000000000000004810000000000                 
1040001300004U 0600000000000000000000000000000000000000000184000000000000184000000000000920000000000000552000000000000000000000000000000027042015300420151900        000000000000000CIP COMPENSACAO               811                           
1040001300005T 0600249600300050008840D00000000000000000001               30042015000000000000000341001422                         090000000000541675104936414000000000097005068277000000541675110000000000000000004810000000000                 
1040001300006U 0600000000000000000000000000000000000000000141400000000000141400000000000707100000000000424300000000000000000000000000000027042015300420151900        000000000000000CIP COMPENSACAO               811                           
1040001300007T 0600249600300050008840D00000000000000000001               30042015000000000000000237004073                         090000000000541772104996414000000000097005068277000000541772110000000000000000004810000000000                 
1040001300008U 0600000000000000000000000000000000000000000069100000000000069100000000000345700000000000207500000000000000000000000000000027042015300420151900        000000000000000CIP COMPENSACAO               811                           
1040001300009T 0600249600300050008840D00000000000000000001               30042015000000000000000237004073                         090000000000541786104916414000000000097005068277000000541786110000000000000000004810000000000                 
1040001300010U 0600000000000000000000000000000000000000000358400000000000358400000000001792100000000001075300000000000000000000000000000027042015300420151900        000000000000000CIP COMPENSACAO               811                           
1040001300011T 0600249600300050008840D00000000000000000001               30042015000000000000000341001422                         090000000000541793104966414000000000097005068277000000541793110000000000000000004810000000000                 
1040001300012U 0600000000000000000000000000000000000000000144600000000000144600000000000723000000000000433800000000000000000000000000000027042015300420151900        000000000000000CIP COMPENSACAO               811                           
1040001300013T 0600249600300050008840D00000000000000000001               30042015000000000000000341073792                         090000000000541802104956414000000000097005068277000000541802110000000000000000004810000000000                 
1040001300014U 0600000000000000000000000000000000000000000069200000000000069200000000000345800000000000207400000000000000000000000000000027042015300420151900        000000000000000CIP COMPENSACAO               811                           
1040001300015T 0600249600300050008840D00000000000000000001               30042015000000000000000033036200                         090000000000541811104946414000000000097005068277000000541811110000000000000000004810000000000                 
1040001300016U 0600000000000000000000000000000000000000000148200000000000148200000000000740900000000000444500000000000000000000000000000027042015300420151900        000000000000000CIP COMPENSACAO               811                           
1040001300017T 0600249600300050008840D00000000000000000001               30042015000000000000000237017418                         090000000000541822104966414000000000097005068277000000541822110000000000000000004810000000000                 
1040001300018U 0600000000000000000000000000000000000000009121700000000009121700000000045608500000000027365100000000000000000000000000000027042015300420151900        000000000000000CIP COMPENSACAO               811                           
1040001300019T 0600249600300050008840D00000000000000000001               30042015000000000000000033036200                         090000000000541833104986414000000000097005068277000000541833110000000000000000004810000000000                 
1040001300020U 0600000000000000000000000000000000000000000140600000000000140600000000000703000000000000421800000000000000000000000000000027042015300420151900        000000000000000CIP COMPENSACAO               811                           
1040001300021T 0600249600300050008840D00000000000000000001               30042015000000000000000341001422                         090000000000541858104916414000000000097005068277000000541858110000000000000000004810000000000                 
1040001300022U 0600000000000000000000000000000000000000000292600000000000292600000000001462900000000000877700000000000000000000000000000027042015300420151900        000000000000000CIP COMPENSACAO               811                           
1040001300023T 0600249600300050008840D00000000000000000001               30042015000000000000000341001422                         090000000000541868104966414000000000097005068277000000541868110000000000000000004810000000000                 
1040001300024U 0600000000000000000000000000000000000000000448500000000000448500000000002242300000000001345300000000000000000000000000000027042015300420151900        000000000000000CIP COMPENSACAO               811                           
1040001300025T 0600249600300050008840D00000000000000000001               30042015000000000000000033036200                         090000000000541911104996414000000000097005068277000000541911110000000000000000004810000000000                 
1040001300026U 0600000000000000000000000000000000000000000358400000000000358400000000001792100000000001075300000000000000000000000000000027042015300420151900        000000000000000CIP COMPENSACAO               811                           
1040001300027T 0600249600300050008840D00000000000000000001               30042015000000000000000033000876                         090000000000541939104916414000000000097005068277000000541939110000000000000000004810000000000                 
1040001300028U 0600000000000000000000000000000000000000000141500000000000141500000000000707400000000000424400000000000000000000000000000027042015300420151900        000000000000000CIP COMPENSACAO               811                           
1040001300029T 0600249600300050008840D00000000000000000001               30042015000000000000000341001422                         090000000000541948104916414000000000097005068277000000541948110000000000000000004810000000000                 
1040001300030U 0600000000000000000000000000000000000000000140300000000000140300000000000701600000000000421000000000000000000000000000000027042015300420151900        000000000000000CIP COMPENSACAO               811                           
1040001300031T 0600249600300050008840D00000000000000000001               30042015000000000000000341003271                         090000000000544226104956414000000000097005068277000000544226110000000000000000004810000000000                 
1040001300032U 0600000000000000000000000000000000000000000079100000000000079100000000000395700000000000237500000000000000000000000000000027042015300420151900        000000000000000CIP COMPENSACAO               811                           
1040001300033T 0600249600300050008840D00000000000000000001               30042015000000000000000001083445                         090000000000544416104996414000000000097005068277000000544416110000000000000000004810000000000                 
1040001300034U 0600000000000000000000000000000000000000000042100000000000042100000000000210300000000000126100000000000000000000000000000027042015300420151900        000000000000000CIP COMPENSACAO               811                           
1040001300035T 0600249600300050008840D00000000000000000001               30042015000000000008136341016500                         090000002889250001104946414000000813697005068277002889250001110000000000000000004810000000000                 
1040001300036U 0600000000000000000000000000000000000000000162700000000000162700000000000813600000000000488200000000000000000000000000000027042015300420151900        000000000000000CIP COMPENSACAO               811                           
1040001300037T 0600249600300050008840D00000000000000000001               30042015000000000010848756041947                         090000003419720001104916414000001084897005068277003419720001110000000000000000004810000000000                 
1040001300038U 0600000000000000000000000000000000000000000217000000000000217000000000001084800000000000650800000000000000000000000000000027042015300420151900        000000000000000CIP COMPENSACAO               811                           
1040001300039T 0600249600300050008840D00000000000000000001               30042015000000000008136001018457                         090000004601250001104996414000000813697005068277004601250001110000000000000000004810000000000                 
1040001300040U 0600000000000000000000000000000000000000000162700000000000162700000000000813600000000000488200000000000000000000000000000027042015300420151900        000000000000000CIP COMPENSACAO               811                           
1040001300041T 0600249600300050008840D00000000000000000001               30042015000000000008136341071234                         090000005570120001104916414000000813697005068277005570120001110000000000000000004810000000000                 
1040001300042U 0600000000000000000000000000000000000000000162700000000000162700000000000813600000000000488200000000000000000000000000000027042015300420151900        000000000000000CIP COMPENSACAO               811                           
1040001300043T 0600249600300050008840D00000000000000000001               30042015000000000005424001037770                         090000006598320001104916414000000542497005068277006598320001110000000000000000004810000000000                 
1040001300044U 0600000000000000000000000000000000000000000108500000000000108500000000000542400000000000325400000000000000000000000000000027042015300420151900        000000000000000CIP COMPENSACAO               811                           
1040001300045T 0600249600300050008840D00000000000000000001               30042015000000000013560001028703                         090000007579820001104966414000001356097005068277007579820001110000000000000000004810000000000                 
1040001300046U 0600000000000000000000000000000000000000000271200000000000271200000000001356000000000000813600000000000000000000000000000027042015300420151900        000000000000000CIP COMPENSACAO               811                           
1040001300047T 0600249600300050008840D00000000000000000001               30042015000000000005424001035254                         090000009033060001104976414000000542497005068277009033060001110000000000000000004810000000000                 
1040001300048U 0600000000000000000000000000000000000000000108500000000000108500000000000542400000000000325400000000000000000000000000000027042015300420151900        000000000000000CIP COMPENSACAO               811                           
1040001300049T 0600249600300050008840D00000000000000000001               30042015000000000002712001018457                         090000011152400001104936414000000271297005068277011152400001110000000000000000004810000000000                 
1040001300050U 0600000000000000000000000000000000000000000054200000000000054200000000000271200000000000162800000000000000000000000000000027042015300420151900        000000000000000CIP COMPENSACAO               811                           
1040001300051T 0600249600300050008840D00000000000000000001               30042015000000000002712341071234                         090000016575520001104926414000000271297005068277016575520001110000000000000000004810000000000                 
1040001300052U 0600000000000000000000000000000000000000000054200000000000054200000000000271200000000000162800000000000000000000000000000027042015300420151900        000000000000000CIP COMPENSACAO               811                           
1040001300053T 0600249600300050008840D00000000000000000001               30042015000000000008136001035254                         090000020801760001104916414000000813697005068277020801760001110000000000000000004810000000000                 
1040001300054U 0600000000000000000000000000000000000000000162700000000000162700000000000813600000000000488200000000000000000000000000000027042015300420151900        000000000000000CIP COMPENSACAO               811                           
1040001300055T 0600249600300050008840D00000000000000000001               30042015000000000021299001035254                         090000024297630001104916414000002129997005068277024297630001110000000000000000004810000000000                 
1040001300056U 0600000000000000000000000000000000000000000426000000000000426000000000002129900000000001277900000000000000000000000000000027042015300420151900        000000000000000CIP COMPENSACAO               811                           
1040001300057T 0600249600300050008840D00000000000000000001               30042015000000000014922341065307                         090000024916850001104916414000001492297005068277024916850001110000000000000000004810000000000                 
1040001300058U 0600000000000000000000000000000000000000000298400000000000298400000000001492200000000000895400000000000000000000000000000027042015300420151900        000000000000000CIP COMPENSACAO               811                           
1040001300059T 0600249600300050008840D00000000000000000001               30042015000000000014479001080829                         090000029441320001104946414000001447997005068277029441320001110000000000000000004810000000000                 
1040001300060U 0600000000000000000000000000000000000000000289600000000000289600000000001447900000000000868700000000000000000000000000000027042015300420151900        000000000000000CIP COMPENSACAO               811                           
1040001300061T 0600249600300050008840D00000000000000000001               30042015000000000023706001012467                         090000030060770001104916414000002370697005068277030060770001110000000000000000004810000000000                 
1040001300062U 0600000000000000000000000000000000000000000474100000000000474100000000002370600000000001422400000000000000000000000000000027042015300420151900        000000000000000CIP COMPENSACAO               811                           
1040001300063T 0600249600300050008840D00000000000000000001               30042015000000000008405341093149                         090000033500660001104976414000000840597005067277033500660001720000000000000000004810000000000                 
1040001300064U 0600000000000000000000000000000000000000000168100000000000168100000000000840500000000000504300000000000000000000000000000027042015300420151900        000000000000000CIP COMPENSACAO               772                           
1040001300065T 0600249600300050008840D00000000000000000001               30042015000000000008136341093149                         090000047558670001104936414000000813697005068277047558670001110000000000000000004810000000000                 
1040001300066U 0600000000000000000000000000000000000000000162700000000000162700000000000813600000000000488200000000000000000000000000000027042015300420151900        000000000000000CIP COMPENSACAO               811                           
1040001300067T 0600249600300050008840D00000000000000000001               30042015000000000010848001035254                         090000048563300001104976414000001084897005068277048563300001110000000000000000004810000000000                 
1040001300068U 0600000000000000000000000000000000000000000217000000000000217000000000001084800000000000650800000000000000000000000000000027042015300420151900        000000000000000CIP COMPENSACAO               811                           
1040001300069T 0600249600300050008840D00000000000000000001               30042015000000000002713341071234                         090000052135870001104916414000000271397005068277052135870001110000000000000000004810000000000                 
1040001300070U 0600000000000000000000000000000000000000000054300000000000054300000000000271300000000000162700000000000000000000000000000027042015300420151900        000000000000000CIP COMPENSACAO               811                           
1040001300071T 0600249600300050008840D00000000000000000001               30042015000000000008136341093149                         090000059223240001104916414000000813697005068277059223240001110000000000000000004810000000000                 
1040001300072U 0600000000000000000000000000000000000000000162700000000000162700000000000813600000000000488200000000000000000000000000000027042015300420151900        000000000000000CIP COMPENSACAO               811                           
1040001300073T 0600249600300050008840D00000000000000000001               30042015000000000010848341016500                         090000059547200001104936414000001084897005068277059547200001110000000000000000004810000000000                 
1040001300074U 0600000000000000000000000000000000000000000217000000000000217000000000001084800000000000650800000000000000000000000000000027042015300420151900        000000000000000CIP COMPENSACAO               811                           
1040001300075T 0600249600300050008840D00000000000000000001               30042015000000000016278341093149                         090000059576280001104926414000001627897005068277059576280001110000000000000000004810000000000                 
1040001300076U 0600000000000000000000000000000000000000000325600000000000325600000000001627800000000000976600000000000000000000000000000027042015300420151900        000000000000000CIP COMPENSACAO               811                           
1040001300077T 0600249600300050008840D00000000000000000001               30042015000000000019911033045438                         090000060155440001104956414000001991197005068277060155440001110000000000000000004810000000000                 
1040001300078U 0600000000000000000000000000000000000000000398200000000000398200000000001991100000000001194700000000000000000000000000000027042015300420151900        000000000000000CIP COMPENSACAO               811                           
1040001300079T 0600249600300050008840D00000000000000000001               30042015000000000008136341071234                         090000061918390001104966414000000813697005068277061918390001110000000000000000004810000000000                 
1040001300080U 0600000000000000000000000000000000000000000162700000000000162700000000000813600000000000488200000000000000000000000000000027042015300420151900        000000000000000CIP COMPENSACAO               811                           
1040001300081T 0600249600300050008840D00000000000000000001               30042015000000000005149341086959                         090000069663010001104936414000000514997005068277069663010001110000000000000000004810000000000                 
1040001300082U 0600000000000000000000000000000000000000000103000000000000103000000000000514900000000000308900000000000000000000000000000027042015300420151900        000000000000000CIP COMPENSACAO               811                           
1040001300083T 0600249600300050008840D00000000000000000001               30042015000000000008136341093149                         090000069740230001104956414000000813697005068277069740230001110000000000000000004810000000000                 
1040001300084U 0600000000000000000000000000000000000000000162700000000000162700000000000813600000000000488200000000000000000000000000000027042015300420151900        000000000000000CIP COMPENSACAO               811                           
1040001300085T 0600249600300050008840D00000000000000000001               30042015000000000015314341093149                         090000072617720001104916414000001531497005068277072617720001110000000000000000004810000000000                 
1040001300086U 0600000000000000000000000000000000000000000306300000000000306300000000001531400000000000918800000000000000000000000000000027042015300420151900        000000000000000CIP COMPENSACAO               811                           
1040001300087T 0600249600300050008840D00000000000000000001               30042015000000000002797341093149                         090000072679560001104956414000000279797005068277072679560001110000000000000000004810000000000                 
1040001300088U 0600000000000000000000000000000000000000000055900000000000055900000000000279700000000000167900000000000000000000000000000027042015300420151900        000000000000000CIP COMPENSACAO               811                           
1040001300089T 0600249600300050008840D00000000000000000001               30042015000000000011382341071234                         090000072695380001104936414000001138297005068277072695380001110000000000000000004810000000000                 
1040001300090U 0600000000000000000000000000000000000000000227600000000000227600000000001138200000000000683000000000000000000000000000000027042015300420151900        000000000000000CIP COMPENSACAO               811                           
1040001300091T 0600249600300050008840D00000000000000000001               30042015000000000048879341093149                         090000076215780001104936414000004887997005068277076215780001110000000000000000004810000000000                 
1040001300092U 0600000000000000000000000000000000000000000977600000000000977600000000004887900000000002932700000000000000000000000000000027042015300420151900        000000000000000CIP COMPENSACAO               811                           
1040001300093T 0600249600300050008840D00000000000000000001               30042015000000000018984341093149                         090000076721620001104966414000001898497005068277076721620001110000000000000000004810000000000                 
1040001300094U 0600000000000000000000000000000000000000000379700000000000379700000000001898400000000001139000000000000000000000000000000027042015300420151900        000000000000000CIP COMPENSACAO               811                           
1040001300095T 0600249600300050008840D00000000000000000001               30042015000000000002627748022047                         090000077073310001104986414000000262797005068277077073310001110000000000000000004810000000000                 
1040001300096U 0600000000000000000000000000000000000000000052500000000000052500000000000262700000000000157700000000000000000000000000000027042015300420151900        000000000000000CIP COMPENSACAO               811                           
1040001300097T 0600249600300050008840D00000000000000000001               30042015000000000027898341071234                         090000078608330001104916414000002789897005068277078608330001110000000000000000004810000000000                 
1040001300098U 0600000000000000000000000000000000000000000558000000000000558000000000002789800000000001673800000000000000000000000000000027042015300420151900        000000000000000CIP COMPENSACAO               811                           
1040001300099T 0600249600300050008840D00000000000000000001               30042015000000000010852033032115                         090000079283370001104936414000001085297005068277079283370001110000000000000000004810000000000                 
1040001300100U 0600000000000000000000000000000000000000000217000000000000217000000000001085200000000000651200000000000000000000000000000027042015300420151900        000000000000000CIP COMPENSACAO               811                           
1040001300101T 0600249600300050008840D00000000000000000001               30042015000000000013560341093149                         090000080553950001104916414000001356097005068277080553950001110000000000000000004810000000000                 
1040001300102U 0600000000000000000000000000000000000000000271200000000000271200000000001356000000000000813600000000000000000000000000000027042015300420151900        000000000000000CIP COMPENSACAO               811                           
1040001300103T 0600249600300050008840D00000000000000000001               30042015000000000008666341071234                         090000081871420001104946414000000866697005068277081871420001110000000000000000004810000000000                 
1040001300104U 0600000000000000000000000000000000000000000173300000000000173300000000000866600000000000520000000000000000000000000000000027042015300420151900        000000000000000CIP COMPENSACAO               811                           
1040001300105T 0600249600300050008840D00000000000000000001               30042015000000000016272341093149                         090000084547580001104976414000001627297005068277084547580001110000000000000000004810000000000                 
1040001300106U 0600000000000000000000000000000000000000000325400000000000325400000000001627200000000000976400000000000000000000000000000027042015300420151900        000000000000000CIP COMPENSACAO               811                           
1040001300107T 0600249600300050008840D00000000000000000001               30042015000000000013560756041947                         090000084547660001104956414000001356097005068277084547660001110000000000000000004810000000000                 
1040001300108U 0600000000000000000000000000000000000000000271200000000000271200000000001356000000000000813600000000000000000000000000000027042015300420151900        000000000000000CIP COMPENSACAO               811                           
1040001300109T 0600249600300050008840D00000000000000000001               30042015000000000013560341093149                         090000086325280001104916414000001356097005068277086325280001110000000000000000004810000000000                 
1040001300110U 0600000000000000000000000000000000000000000271200000000000271200000000001356000000000000813600000000000000000000000000000027042015300420151900        000000000000000CIP COMPENSACAO               811                           
1040001300111T 0600249600300050008840D00000000000000000001               30042015000000000013560341071234                         090000087184940001104916414000001356097005068277087184940001110000000000000000004810000000000                 
1040001300112U 0600000000000000000000000000000000000000000271200000000000271200000000001356000000000000813600000000000000000000000000000027042015300420151900        000000000000000CIP COMPENSACAO               811                           
1040001300113T 0600249600300050008840D00000000000000000001               30042015000000000020072341071234                         090000087581270001104916414000002007297005068277087581270001110000000000000000004810000000000                 
1040001300114U 0600000000000000000000000000000000000000000401400000000000401400000000002007200000000001204400000000000000000000000000000027042015300420151900        000000000000000CIP COMPENSACAO               811                           
1040001300115T 0600249600300050008840D00000000000000000001               30042015000000000010848341087564                         090000088721150001104926414000001084897005068277088721150001110000000000000000004810000000000                 
1040001300116U 0600000000000000000000000000000000000000000217000000000000217000000000001084800000000000650800000000000000000000000000000027042015300420151900        000000000000000CIP COMPENSACAO               811                           
1040001300117T 0600249600300050008840D00000000000000000001               30042015000000000007349341071234                         090000089343530001104936414000000734997005068277089343530001110000000000000000004810000000000                 
1040001300118U 0600000000000000000000000000000000000000000147000000000000147000000000000734900000000000440900000000000000000000000000000027042015300420151900        000000000000000CIP COMPENSACAO               811                           
1040001300119T 0600249600300050008840D00000000000000000001               30042015000000000013560341071234                         090000091784600001104946414000001356097005068277091784600001110000000000000000004810000000000                 
1040001300120U 0600000000000000000000000000000000000000000271200000000000271200000000001356000000000000813600000000000000000000000000000027042015300420151900        000000000000000CIP COMPENSACAO               811                           
1040001300121T 0600249600300050008840D00000000000000000001               30042015000000000013565756033588                         090000092545910001104916414000001356597005068277092545910001110000000000000000004810000000000                 
1040001300122U 0600000000000000000000000000000000000000000271300000000000271300000000001356500000000000813900000000000000000000000000000027042015300420151900        000000000000000CIP COMPENSACAO               811                           
1040001300123T 0600249600300050008840D00000000000000000001               30042015000000000009059341093149                         090000096132750001104916414000000905997005068277096132750001110000000000000000004810000000000                 
1040001300124U 0600000000000000000000000000000000000000000181200000000000181200000000000905900000000000543500000000000000000000000000000027042015300420151900        000000000000000CIP COMPENSACAO               811                           
1040001300125T 0600249600300050008840D00000000000000000001               30042015000000000068125341003824                         090000099129510001104986414000006812597005068277099129510001110000000000000000004810000000000                 
1040001300126U 0600000000000000000000000000000000000000001362500000000001362500000000006812500000000004087500000000000000000000000000000027042015300420151900        000000000000000CIP COMPENSACAO               811                           
1040001300127T 0600249600300050008840D00000000000000000001               30042015000000000001737756030392                         090000099426750001104976414000000173797005068277099426750001110000000000000000004810000000000                 
1040001300128U 0600000000000000000000000000000000000000000034700000000000034700000000000173700000000000104300000000000000000000000000000027042015300420151900        000000000000000CIP COMPENSACAO               811                           
1040001300129T 0600249600300050008840D00000000000000000001               30042015000000000013565341086959                         090000102392860001104946414000001356597005068277102392860001110000000000000000004810000000000                 
1040001300130U 0600000000000000000000000000000000000000000271300000000000271300000000001356500000000000813900000000000000000000000000000027042015300420151900        000000000000000CIP COMPENSACAO               811                           
1040001300131T 0600249600300050008840D00000000000000000001               30042015000000000002712341093149                         090000103042980001104916414000000271297005068277103042980001110000000000000000004810000000000                 
1040001300132U 0600000000000000000000000000000000000000000054200000000000054200000000000271200000000000162800000000000000000000000000000027042015300420151900        000000000000000CIP COMPENSACAO               811                           
1040001300133T 0600249600300050008840D00000000000000000001               30042015000000000032890341091898                         090000103680270001104996414000003289097005068277103680270001110000000000000000004810000000000                 
1040001300134U 0600000000000000000000000000000000000000000657800000000000657800000000003289000000000001973400000000000000000000000000000027042015300420151900        000000000000000CIP COMPENSACAO               811                           
1040001300135T 0600249600300050008840D00000000000000000001               30042015000000000003631756033588                         090000104417360001104996414000000363197005068277104417360001110000000000000000004810000000000                 
1040001300136U 0600000000000000000000000000000000000000000072600000000000072600000000000363100000000000217900000000000000000000000000000027042015300420151900        000000000000000CIP COMPENSACAO               811                           
1040001300137T 0600249600300050008840D00000000000000000001               30042015000000000016278341093149                         090000105427760001104916414000001627897005068277105427760001110000000000000000004810000000000                 
1040001300138U 0600000000000000000000000000000000000000000325600000000000325600000000001627800000000000976600000000000000000000000000000027042015300420151900        000000000000000CIP COMPENSACAO               811                           
1040001300139T 0600249600300050008840D00000000000000000001               30042015000000000013560341071234                         090000106033000001104946414000001356097005068277106033000001110000000000000000004810000000000                 
1040001300140U 0600000000000000000000000000000000000000000271200000000000271200000000001356000000000000813600000000000000000000000000000027042015300420151900        000000000000000CIP COMPENSACAO               811                           
1040001300141T 0600249600300050008840D00000000000000000001               30042015000000000013560341071234                         090000106668090001104916414000001356097005068277106668090001110000000000000000004810000000000                 
1040001300142U 0600000000000000000000000000000000000000000271200000000000271200000000001356000000000000813600000000000000000000000000000027042015300420151900        000000000000000CIP COMPENSACAO               811                           
1040001300143T 0600249600300050008840D00000000000000000001               30042015000000000002713341071234                         090000106877500001104996414000000271397005068277106877500001110000000000000000004810000000000                 
1040001300144U 0600000000000000000000000000000000000000000054300000000000054300000000000271300000000000162700000000000000000000000000000027042015300420151900        000000000000000CIP COMPENSACAO               811                           
1040001300145T 0600249600300050008840D00000000000000000001               30042015000000000008136341071234                         090000108142410001104926414000000813697005068277108142410001110000000000000000004810000000000                 
1040001300146U 0600000000000000000000000000000000000000000162700000000000162700000000000813600000000000488200000000000000000000000000000027042015300420151900        000000000000000CIP COMPENSACAO               811                           
1040001300147T 0600249600300050008840D00000000000000000001               30042015000000000008531341091898                         090000108557620001104986414000000853197005068277108557620001110000000000000000004810000000000                 
1040001300148U 0600000000000000000000000000000000000000000170600000000000170600000000000853100000000000511900000000000000000000000000000027042015300420151900        000000000000000CIP COMPENSACAO               811                           
1040001300149T 0600249600300050008840D00000000000000000001               30042015000000000005426341071234                         090000108592520001104956414000000542697005068277108592520001110000000000000000004810000000000                 
1040001300150U 0600000000000000000000000000000000000000000108500000000000108500000000000542600000000000325600000000000000000000000000000027042015300420151900        000000000000000CIP COMPENSACAO               811                           
1040001300151T 0600249600300050008840D00000000000000000001               30042015000000000002713341016500                         090000108672320001104986414000000271397005068277108672320001110000000000000000004810000000000                 
1040001300152U 0600000000000000000000000000000000000000000054300000000000054300000000000271300000000000162700000000000000000000000000000027042015300420151900        000000000000000CIP COMPENSACAO               811                           
1040001300153T 0600249600300050008840D00000000000000000001               30042015000000000003459341071234                         090000110069140001104916414000000345997005068277110069140001110000000000000000004810000000000                 
1040001300154U 0600000000000000000000000000000000000000000069200000000000069200000000000345900000000000207500000000000000000000000000000027042015300420151900        000000000000000CIP COMPENSACAO               811                           
1040001300155T 0600249600300050008840D00000000000000000001               30042015000000000011884341087564                         090000113699240001104976414000001188497005068277113699240001110000000000000000004810000000000                 
1040001300156U 0600000000000000000000000000000000000000000237700000000000237700000000001188400000000000713000000000000000000000000000000027042015300420151900        000000000000000CIP COMPENSACAO               811                           
1040001300157T 0600249600300050008840D00000000000000000001               30042015000000000006572341091898                         090000114064200001104926414000000657297005068277114064200001110000000000000000004810000000000                 
1040001300158U 0600000000000000000000000000000000000000000131400000000000131400000000000657200000000000394400000000000000000000000000000027042015300420151900        000000000000000CIP COMPENSACAO               811                           
1040001300159T 0600249600300050008840D00000000000000000001               30042015000000000039630756041947                         090000114064610001104926414000003963097005068277114064610001110000000000000000004810000000000                 
1040001300160U 0600000000000000000000000000000000000000000792600000000000792600000000003963000000000002377800000000000000000000000000000027042015300420151900        000000000000000CIP COMPENSACAO               811                           
1040001300161T 0600249600300050008840D00000000000000000001               30042015000000000003218341071234                         090000121109700001104996414000000321897005068277121109700001110000000000000000004810000000000                 
1040001300162U 0600000000000000000000000000000000000000000064400000000000064400000000000321800000000000193000000000000000000000000000000027042015300420151900        000000000000000CIP COMPENSACAO               811                           
1040001300163T 0600249600300050008840D00000000000000000001               30042015000000000012314237058726                         090000124993350001104996414000001231497005069277124993350001490000000000000000004810000000000                 
1040001300164U 0600000000000000000000000000000000000000000246300000000000246300000000001231400000000000738800000000000000000000000000000027042015300420151900        000000000000000CIP COMPENSACAO               949                           
1040001300165T 0600249600300050008840D00000000000000000001               30042015000000000013565341093149                         090000127450630001104956414000001356597005069277127450630001430000000000000000004810000000000                 
1040001300166U 0600000000000000000000000000000000000000000271300000000000271300000000001356500000000000813900000000000000000000000000000027042015300420151900        000000000000000CIP COMPENSACAO               943                           
1040001300167T 0600249600300050008840D00000000000000000001               30042015000000000003631341071234                         090000137508700001104976414000000363197005068277137508700001110000000000000000004810000000000                 
1040001300168U 0600000000000000000000000000000000000000000072600000000000072600000000000363100000000000217900000000000000000000000000000027042015300420151900        000000000000000CIP COMPENSACAO               811                           
1040001300169T 0600249600300050008840D00000000000000000001               30042015000000000008136756041947                         090000138091920001104916414000000813697005068277138091920001110000000000000000004810000000000                 
1040001300170U 0600000000000000000000000000000000000000000162700000000000162700000000000813600000000000488200000000000000000000000000000027042015300420151900        000000000000000CIP COMPENSACAO               811                           
1040001300171T 0600249600300050008840D00000000000000000001               30042015000000000006343341071234                         090000140502320001104916414000000634397005068277140502320001110000000000000000004810000000000                 
1040001300172U 0600000000000000000000000000000000000000000126900000000000126900000000000634300000000000380500000000000000000000000000000027042015300420151900        000000000000000CIP COMPENSACAO               811                           
1040001300173T 0600249600300050008840D00000000000000000001               30042015000000000010852237032247                         090000143455150001104996414000001085297005068277143455150001110000000000000000004810000000000                 
1040001300174U 0600000000000000000000000000000000000000000217000000000000217000000000001085200000000000651200000000000000000000000000000027042015300420151900        000000000000000CIP COMPENSACAO               811                           
1040001300175T 0600249600300050008840D00000000000000000001               30042015000000000022331341071234                         090000149777570001104916414000002233197005068277149777570001110000000000000000004810000000000                 
1040001300176U 0600000000000000000000000000000000000000000446600000000000446600000000002233100000000001339900000000000000000000000000000027042015300420151900        000000000000000CIP COMPENSACAO               811                           
1040001300177T 0600249600300050008840D00000000000000000001               30042015000000000013560341071234                         090000149783900001104966414000001356097005068277149783900001110000000000000000004810000000000                 
1040001300178U 0600000000000000000000000000000000000000000271200000000000271200000000001356000000000000813600000000000000000000000000000027042015300420151900        000000000000000CIP COMPENSACAO               811                           
1040001300179T 0600249600300050008840D00000000000000000001               30042015000000000017900341003824                         090000155138580001104916414000001790097005068277155138580001110000000000000000004810000000000                 
1040001300180U 0600000000000000000000000000000000000000000358000000000000358000000000001790000000000001074000000000000000000000000000000027042015300420151900        000000000000000CIP COMPENSACAO               811                           
1040001300181T 0600249600300050008840D00000000000000000001               30042015000000000004702341003824                         090000167885920001104916414000000470297005068277167885920001110000000000000000004810000000000                 
1040001300182U 0600000000000000000000000000000000000000000094000000000000094000000000000470200000000000282200000000000000000000000000000027042015300420151900        000000000000000CIP COMPENSACAO               811                           
1040001300183T 0600249600300050008840D00000000000000000001               30042015000000000013565341093149                         090000170259980001104946414000001356597005068277170259980001110000000000000000004810000000000                 
1040001300184U 0600000000000000000000000000000000000000000271300000000000271300000000001356500000000000813900000000000000000000000000000027042015300420151900        000000000000000CIP COMPENSACAO               811                           
1040001300185T 0600249600300050008840D00000000000000000001               30042015000000000003978237030708                         090000173504750001104976414000000397897005068277173504750001110000000000000000004810000000000                 
1040001300186U 0600000000000000000000000000000000000000000079600000000000079600000000000397800000000000238600000000000000000000000000000027042015300420151900        000000000000000CIP COMPENSACAO               811                           
1040001300187T 0600249600300050008840D00000000000000000001               30042015000000000013565756033588                         090000187281520001104916414000001356597005068277187281520001110000000000000000004810000000000                 
1040001300188U 0600000000000000000000000000000000000000000271300000000000271300000000001356500000000000813900000000000000000000000000000027042015300420151900        000000000000000CIP COMPENSACAO               811                           
1040001300189T 0600249600300050008840D00000000000000000001               30042015000000000002884756041947                         090000196147430001104976414000000288497005068277196147430001110000000000000000004810000000000                 
1040001300190U 0600000000000000000000000000000000000000000057700000000000057700000000000288400000000000173000000000000000000000000000000027042015300420151900        000000000000000CIP COMPENSACAO               811                           
1040001300191T 0600249600300050008840D00000000000000000001               30042015000000000002627756030694                         090000200410626263104946414000000262797005065277200410626263510000000000000000004810000000000                 
1040001300192U 0600000000000000000000000000000000000000000052500000000000052500000000000262700000000000157700000000000000000000000000000027042015300420151900        000000000000000CIP COMPENSACAO               551                           
1040001300193T 0600249600300050008840D00000000000000000001               30042015000000000002712756041947                         090000204753410001104916414000000271297005068277204753410001110000000000000000004810000000000                 
1040001300194U 0600000000000000000000000000000000000000000054200000000000054200000000000271200000000000162800000000000000000000000000000027042015300420151900        000000000000000CIP COMPENSACAO               811                           
1040001300195T 0600249600300050008840D00000000000000000001               30042015000000000001601341003271                         090000207435540001104976414000000160197005068277207435540001110000000000000000004810000000000                 
1040001300196U 0600000000000000000000000000000000000000000032000000000000032000000000000160100000000000096100000000000000000000000000000027042015300420151900        000000000000000CIP COMPENSACAO               811                           
1040001300197T 0600249600300050008840D00000000000000000001               30042015000000000008136756041947                         090000210025160001104996414000000813697005068277210025160001110000000000000000004810000000000                 
1040001300198U 0600000000000000000000000000000000000000000162700000000000162700000000000813600000000000488200000000000000000000000000000027042015300420151900        000000000000000CIP COMPENSACAO               811                           
1040001300199T 0600249600300050008840D00000000000000000001               30042015000000000004167756041947                         090000211289800001104986414000000416797005068277211289800001110000000000000000004810000000000                 
1040001300200U 0600000000000000000000000000000000000000000083300000000000083300000000000416700000000000250100000000000000000000000000000027042015300420151900        000000000000000CIP COMPENSACAO               811                           
1040001300201T 0600249600300050008840D00000000000000000001               30042015000000000019903001048330                         090000243635170001104986414000001990397005068277243635170001110000000000000000004810000000000                 
1040001300202U 0600000000000000000000000000000000000000000398100000000000398100000000001990300000000001194100000000000000000000000000000027042015300420151900        000000000000000CIP COMPENSACAO               811                           
1040001300203T 0600249600300050008840D00000000000000000001               30042015000000000005426001043010                         090000245198940001104976414000000542697005068277245198940001110000000000000000004810000000000                 
1040001300204U 0600000000000000000000000000000000000000000108500000000000108500000000000542600000000000325600000000000000000000000000000027042015300420151900        000000000000000CIP COMPENSACAO               811                           
1040001300205T 0600249600300050008840D00000000000000000001               30042015000000000013560341093149                         090000408000700001104926414000001356097005068277408000700001110000000000000000004810000000000                 
1040001300206U 0600000000000000000000000000000000000000000271200000000000271200000000001356000000000000813600000000000000000000000000000027042015300420151900        000000000000000CIP COMPENSACAO               811                           
1040001300207T 0600249600300050008840D00000000000000000001               30042015000000000018813001035254                         090000408005180001104936414000001881397005068277408005180001110000000000000000004810000000000                 
1040001300208U 0600000000000000000000000000000000000000000376300000000000376300000000001881300000000001128700000000000000000000000000000027042015300420151900        000000000000000CIP COMPENSACAO               811                           
1040001300209T 0600249600300050008840D00000000000000000001               30042015000000000013560341016500                         090000409865310001104996414000001356097005068277409865310001110000000000000000004810000000000                 
1040001300210U 0600000000000000000000000000000000000000000271200000000000271200000000001356000000000000813600000000000000000000000000000027042015300420151900        000000000000000CIP COMPENSACAO               811                           
1040001300211T 0600249600300050008840D00000000000000000001               30042015000000000010852001000221                         090000409978190001104966414000001085297005068277409978190001110000000000000000004810000000000                 
1040001300212U 0600000000000000000000000000000000000000000217000000000000217000000000001085200000000000651200000000000000000000000000000027042015300420151900        000000000000000CIP COMPENSACAO               811                           
1040001300213T 0600249600300050008840D00000000000000000001               30042015000000000013560033043222                         090000410074690001104916414000001356097005068277410074690001110000000000000000004810000000000                 
1040001300214U 0600000000000000000000000000000000000000000271200000000000271200000000001356000000000000813600000000000000000000000000000027042015300420151900        000000000000000CIP COMPENSACAO               811                           
1040001300215T 0600249600300050008840D00000000000000000001               30042015000000000015910341093149                         090000410076910001104996414000001591097005068277410076910001110000000000000000004810000000000                 
1040001300216U 0600000000000000000000000000000000000000000318200000000000318200000000001591000000000000954600000000000000000000000000000027042015300420151900        000000000000000CIP COMPENSACAO               811                           
1040001300217T 0600249600300050008840D00000000000000000001               30042015000000000010848001035254                         090000700304400001104946414000001084897005068277700304400001110000000000000000004810000000000                 
1040001300218U 0600000000000000000000000000000000000000000217000000000000217000000000001084800000000000650800000000000000000000000000000027042015300420151900        000000000000000CIP COMPENSACAO               811                           
1040001300219T 0600249600300050008840D00000000000000000001               30042015000000000003219001035254                         090000701641810001104996414000000321997005068277701641810001110000000000000000004810000000000                 
1040001300220U 0600000000000000000000000000000000000000000064400000000000064400000000000321900000000000193100000000000000000000000000000027042015300420151900        000000000000000CIP COMPENSACAO               811                           
1040001300221T 0600249600300050008840D00000000000000000001               30042015000000000016413001035254                         090000703021200001104986414000001641397005068277703021200001110000000000000000004810000000000                 
1040001300222U 0600000000000000000000000000000000000000000328300000000000328300000000001641300000000000984700000000000000000000000000000027042015300420151900        000000000000000CIP COMPENSACAO               811                           
1040001300223T 0600249600300050008840D00000000000000000001               30042015000000000000000104003506                         090000000000541653104916414000000000097005068277000000541653110000000000000000001800000000000                 
1040001300224U 06000000000000000000000000000000000000000005449000000000005449000000000027247000000000016349000000000000000000000000000000280420153004201512I0        000000000000000INTERNET                      811                           
1040001300225T 0600249600300050008840D00000000000000000001               30042015000000000000000104003506                         090000000000541678104926414000000000097005068277000000541678110000000000000000004480000000000                 
1040001300226U 0600000000000000000000000000000000000000000754200000000000754200000000003770800000000002262400000000000000000000000000000028042015300420151100        000000000000000AUTOMACAO                     811                           
1040001300227T 0600249600300050008840D00000000000000000001               30042015000000000000000104040754                         090000000000541696104916414000000000097005068277000000541696110000000000000000001800000000000                 
1040001300228U 06000000000000000000000000000000000000000008096000000000008096000000000040482000000000024290000000000000000000000000000000280420153004201512I0        000000000000000INTERNET                      811                           
1040001300229T 0600249600300050008840D00000000000000000001               30042015000000000000000104009768                         090000000000541825104956414000000000097005068277000000541825110000000000000000001800000000000                 
1040001300230U 06000000000000000000000000000000000000000002074000000000002074000000000010371000000000006223000000000000000000000000000000280420153004201512I0        000000000000000INTERNET                      811                           
1040001300231T 0600249600300050008840D00000000000000000001               30042015000000000000000104003506                         090000000000541949104966414000000000097005068277000000541949110000000000000000001800000000000                 
1040001300232U 06000000000000000000000000000000000000000000755000000000000755000000000003777000000000002267000000000000000000000000000000280420153004201512I0        000000000000000INTERNET                      811                           
1040001300233T 0600249600300050008840D00000000000000000001               30042015000000000000000104007013                         090000000000544233104916414000000000097005068277000000544233110000000000000000004480000000000                 
1040001300234U 0600000000000000000000000000000000000000000060000000000000060000000000000300000000000000180000000000000000000000000000000028042015300420151100        000000000000000AUTOMACAO                     811                           
1040001300235T 0600249600300050008840D00000000000000000001               30042015000000000008139104007595                         090000000391484400104936414000000813997005068277000391484400110000000000000000001800000000000                 
1040001300236U 06000000000000000000000000000000000000000001628000000000001628000000000008139000000000004883000000000000000000000000000000280420153004201512I0        000000000000000INTERNET                      811                           
1040001300237T 0600249600300050008840D00000000000000000001               30042015000000000016272104007595                         090000006644350001104916414000001627297005068277006644350001110000000000000000004480000000000                 
1040001300238U 0600000000000000000000000000000000000000000325400000000000325400000000001627200000000000976400000000000000000000000000000028042015300420151100        000000000000000AUTOMACAO                     811                           
1040001300239T 0600249600300050008840D00000000000000000001               30042015000000000013560104007595                         090000010064430001104986414000001356097005068277010064430001110000000000000000004480000000000                 
1040001300240U 0600000000000000000000000000000000000000000271200000000000271200000000001356000000000000813600000000000000000000000000000028042015300420151100        000000000000000AUTOMACAO                     811                           
1040001300241T 0600249600300050008840D00000000000000000001               30042015000000000018991104000337                         090000012191440001104946414000001899197005068277012191440001120000000000000000001800000000000                 
1040001300242U 06000000000000000000000000000000000000000003798000000000003798000000000018991000000000011395000000000000000000000000000000280420153004201512I0        000000000000000INTERNET                      812                           
1040001300243T 0600249600300050008840D00000000000000000001               30042015000000000013560104020443                         090000022240400001104916414000001356097005068277022240400001110000000000000000004480000000000                 
1040001300244U 0600000000000000000000000000000000000000000271200000000000271200000000001356000000000000813600000000000000000000000000000028042015300420151100        000000000000000AUTOMACAO                     811                           
1040001300245T 0600249600300050008840D00000000000000000001               30042015000000000021492104007595                         090000022370330001104986414000002149297005068277022370330001110000000000000000004480000000000                 
1040001300246U 0600000000000000000000000000000000000000000429800000000000429800000000002149200000000001289600000000000000000000000000000028042015300420151100        000000000000000AUTOMACAO                     811                           
1040001300247T 0600249600300050008840D00000000000000000001               30042015000000000002713104007595                         090000026376220001104946414000000271397005068277026376220001110000000000000000001800000000000                 
1040001300248U 06000000000000000000000000000000000000000000543000000000000543000000000002713000000000001627000000000000000000000000000000280420153004201512I0        000000000000000INTERNET                      811                           
1040001300249T 0600249600300050008840D00000000000000000001               30042015000000000001820104007021                         090000026993370001104936414000000182097005068277026993370001110000000000000000004480000000000                 
1040001300250U 0600000000000000000000000000000000000000000036400000000000036400000000000182000000000000109200000000000000000000000000000028042015300420151100        000000000000000AUTOMACAO                     811                           
1040001300251T 0600249600300050008840D00000000000000000001               30042015000000000026349104000353                         090000027332880001104916414000002634997005069277027332880001410000000000000000001800000000000                 
1040001300252U 06000000000000000000000000000000000000000005270000000000005270000000000026349000000000015809000000000000000000000000000000280420153004201512I0        000000000000000INTERNET                      941                           
1040001300253T 0600249600300050008840D00000000000000000001               30042015000000000013565104000337                         090000030869140001104926414000001356597005068277030869140001110000000000000000001800000000000                 
1040001300254U 06000000000000000000000000000000000000000002713000000000002713000000000013565000000000008139000000000000000000000000000000280420153004201512I0        000000000000000INTERNET                      811                           
1040001300255T 0600249600300050008840D00000000000000000001               30042015000000000013565104007595                         090000036467190001104966414000001356597005064277036467190001120000000000000000001800000000000                 
1040001300256U 06000000000000000000000000000000000000000002713000000000002713000000000013565000000000008139000000000000000000000000000000280420153004201512I0        000000000000000INTERNET                      412                           
1040001300257T 0600249600300050008840D00000000000000000001               30042015000000000010448104007595                         090000036838150001104986414000001044897005068277036838150001110000000000000000004480000000000                 
1040001300258U 0600000000000000000000000000000000000000000209000000000000209000000000001044800000000000626800000000000000000000000000000028042015300420151100        000000000000000AUTOMACAO                     811                           
1040001300259T 0600249600300050008840D00000000000000000001               30042015000000000013560104000345                         090000039036940001104926414000001356097005068277039036940001110000000000000000001800000000000                 
1040001300260U 06000000000000000000000000000000000000000002712000000000002712000000000013560000000000008136000000000000000000000000000000280420153004201512I0        000000000000000INTERNET                      811                           
1040001300261T 0600249600300050008840D00000000000000000001               30042015000000000006438104015857                         090000041344780001104946414000000643897005068277041344780001110000000000000000004480000000000                 
1040001300262U 0600000000000000000000000000000000000000000128800000000000128800000000000643800000000000386200000000000000000000000000000028042015300420151100        000000000000000AUTOMACAO                     811                           
1040001300263T 0600249600300050008840D00000000000000000001               30042015000000000013560104007595                         090000045188980001104956414000001356097005068277045188980001110000000000000000001800000000000                 
1040001300264U 06000000000000000000000000000000000000000002712000000000002712000000000013560000000000008136000000000000000000000000000000280420153004201512I0        000000000000000INTERNET                      811                           
1040001300265T 0600249600300050008840D00000000000000000001               30042015000000000016272104007595                         090000045569200001104986414000001627297005068277045569200001110000000000000000004480000000000                 
1040001300266U 0600000000000000000000000000000000000000000325400000000000325400000000001627200000000000976400000000000000000000000000000028042015300420151100        000000000000000AUTOMACAO                     811                           
1040001300267T 0600249600300050008840D00000000000000000001               30042015000000000010848104000345                         090000047145010001104956414000001084897005068277047145010001110000000000000000004480000000000                 
1040001300268U 0600000000000000000000000000000000000000000217000000000000217000000000001084800000000000650800000000000000000000000000000028042015300420151100        000000000000000AUTOMACAO                     811                           
1040001300269T 0600249600300050008840D00000000000000000001               30042015000000000029463104007595                         090000047922120001104916414000002946397005068277047922120001110000000000000000004480000000000                 
1040001300270U 0600000000000000000000000000000000000000000589300000000000589300000000002946300000000001767700000000000000000000000000000028042015300420151100        000000000000000AUTOMACAO                     811                           
1040001300271T 0600249600300050008840D00000000000000000001               30042015000000000013135104020443                         090000049934610001104916414000001313597005068277049934610001110000000000000000004480000000000                 
1040001300272U 0600000000000000000000000000000000000000000262700000000000262700000000001313500000000000788100000000000000000000000000000028042015300420151100        000000000000000AUTOMACAO                     811                           
1040001300273T 0600249600300050008840D00000000000000000001               30042015000000000008136104032425                         090000050881840001104996414000000813697005068277050881840001110000000000000000004480000000000                 
1040001300274U 0600000000000000000000000000000000000000000162700000000000162700000000000813600000000000488200000000000000000000000000000028042015300420151100        000000000000000AUTOMACAO                     811                           
1040001300275T 0600249600300050008840D00000000000000000001               30042015000000000008136104000345                         090000052774400001104926414000000813697005068277052774400001110000000000000000004480000000000                 
1040001300276U 0600000000000000000000000000000000000000000162700000000000162700000000000813600000000000488200000000000000000000000000000028042015300420151100        000000000000000AUTOMACAO                     811                           
1040001300277T 0600249600300050008840D00000000000000000001               30042015000000000002712104032425                         090000054887980001104966414000000271297005068277054887980001110000000000000000001800000000000                 
1040001300278U 06000000000000000000000000000000000000000000542000000000000542000000000002712000000000001628000000000000000000000000000000280420153004201512I0        000000000000000INTERNET                      811                           
1040001300279T 0600249600300050008840D00000000000000000001               30042015000000000013560104007595                         090000054904420001104996414000001356097005068277054904420001110000000000000000004480000000000                 
1040001300280U 0600000000000000000000000000000000000000000271200000000000271200000000001356000000000000813600000000000000000000000000000028042015300420151100        000000000000000AUTOMACAO                     811                           
1040001300281T 0600249600300050008840D00000000000000000001               30042015000000000010852104000337                         090000055524650001104966414000001085297005068277055524650001110000000000000000001800000000000                 
1040001300282U 06000000000000000000000000000000000000000002170000000000002170000000000010852000000000006512000000000000000000000000000000280420153004201512I0        000000000000000INTERNET                      811                           
1040001300283T 0600249600300050008840D00000000000000000001               30042015000000000061731104020443                         090000058264760001104946414000006173197005068277058264760001110000000000000000004480000000000                 
1040001300284U 0600000000000000000000000000000000000000001234600000000001234600000000006173100000000003703900000000000000000000000000000028042015300420151100        000000000000000AUTOMACAO                     811                           
1040001300285T 0600249600300050008840D00000000000000000001               30042015000000000005424104020443                         090000058341190001104946414000000542497005068277058341190001110000000000000000004480000000000                 
1040001300286U 0600000000000000000000000000000000000000000108500000000000108500000000000542400000000000325400000000000000000000000000000028042015300420151100        000000000000000AUTOMACAO                     811                           
1040001300287T 0600249600300050008840D00000000000000000001               30042015000000000029832104007595                         090000060864980001104976414000002983297005068277060864980001110000000000000000004480000000000                 
1040001300288U 0600000000000000000000000000000000000000000596600000000000596600000000002983200000000001790000000000000000000000000000000028042015300420151100        000000000000000AUTOMACAO                     811                           
1040001300289T 0600249600300050008840D00000000000000000001               30042015000000000002713104007595                         090000071690160001104936414000000271397005068277071690160001110000000000000000004480000000000                 
1040001300290U 0600000000000000000000000000000000000000000054300000000000054300000000000271300000000000162700000000000000000000000000000028042015300420151100        000000000000000AUTOMACAO                     811                           
1040001300291T 0600249600300050008840D00000000000000000001               30042015000000000002713104015857                         090000084377190001104966414000000271397005068277084377190001110000000000000000003050000000000                 
1040001300292U 0600000000000000000000000000000000000000000054300000000000054300000000000271300000000000162700000000000000000000000000000028042015300420151700        000000000000000LOTERICOS SISPL               811                           
1040001300293T 0600249600300050008840D00000000000000000001               30042015000000000003833104018961                         090000090103140001104916414000000383397005068277090103140001110000000000000000003050000000000                 
1040001300294U 0600000000000000000000000000000000000000000076700000000000076700000000000383300000000000229900000000000000000000000000000028042015300420151700        000000000000000LOTERICOS SISPL               811                           
1040001300295T 0600249600300050008840D00000000000000000001               30042015000000000013792104007021                         090000104626960001104916414000001379297005066277104626960001820000000000000000001800000000000                 
1040001300296U 06000000000000000000000000000000000000000002758000000000002758000000000013792000000000008276000000000000000000000000000000280420153004201512I0        000000000000000INTERNET                      682                           
1040001300297T 0600249600300050008840D00000000000000000001               30042015000000000004123104032425                         090000149777290001104996414000000412397005068277149777290001110000000000000000004480000000000                 
1040001300298U 0600000000000000000000000000000000000000000082500000000000082500000000000412300000000000247300000000000000000000000000000028042015300420151100        000000000000000AUTOMACAO                     811                           
1040001300299T 0600249600300050008840D00000000000000000001               30042015000000000036316104015857                         090000152302590001104916414000003631697005068277152302590001110000000000000000004480000000000                 
1040001300300U 0600000000000000000000000000000000000000000726300000000000726300000000003631600000000002179000000000000000000000000000000028042015300420151100        000000000000000AUTOMACAO                     811                           
1040001300301T 0600249600300050008840D00000000000000000001               30042015000000000005300104021938                         090000187640100001104996414000000530097005063277187640100001110000000000000000003050000000000                 
1040001300302U 0600000000000000000000000000000000000000000106000000000000106000000000000530000000000000318000000000000000000000000000000028042015300420151700        000000000000000LOTERICOS SISPL               311                           
1040001300303T 0600249600300050008840D00000000000000000001               30042015000000000002713104020443                         090000245181690001104956414000000271397005068277245181690001110000000000000000001800000000000                 
1040001300304U 06000000000000000000000000000000000000000000543000000000000543000000000002713000000000001627000000000000000000000000000000280420153004201512I0        000000000000000INTERNET                      811                           
1040001300305T 0600249600300050008840D00000000000000000001               30042015000000000003238104001821                         090000315092350001104946414000000323897005068277315092350001110000000000000000003050000000000                 
1040001300306U 0600000000000000000000000000000000000000000064800000000000064800000000000323800000000000194200000000000000000000000000000028042015300420151700        000000000000000LOTERICOS SISPL               811                           
1040001300307T 0600249600300050008840D00000000000000000001               30042015000000000016272104032425                         090000407994960001104916414000001627297005068277407994960001110000000000000000004480000000000                 
1040001300308U 0600000000000000000000000000000000000000000325400000000000325400000000001627200000000000976400000000000000000000000000000028042015300420151100        000000000000000AUTOMACAO                     811                           
1040001300309T 0600249600300050008840D00000000000000000001               30042015000000000002713104005398                         090000408005260001104936414000000271397005068277408005260001110000000000000000002190000000000                 
1040001300310U 06000000000000000000000000000000000000000000543000000000000543000000000002713000000000001627000000000000000000000000000000280420153004201512C0        000000000000000SALA DE CONVENIENCIA          811                           
1040001300311T 0600249600300050008840D00000000000000000001               30042015000000000016272104005398                         090000701643060001104996414000001627297005068277701643060001110000000000000000003050000000000                 
1040001300312U 0600000000000000000000000000000000000000000325400000000000325400000000001627200000000000976400000000000000000000000000000028042015300420151700        000000000000000LOTERICOS SISPL               811                           
1040001300313T 0600249600300050008840D00000000000000000001               30042015000000000008066104007013                         090000757972740001104986414000000806697005066277757972740001810000000000000000003050000000000                 
1040001300314U 0600000000000000000000000000000000000000000161300000000000161300000000000806600000000000484000000000000000000000000000000028042015300420151700        000000000000000LOTERICOS SISPL               681                           
1040001300315T 0600249600300050008840I10140200000011400001               00000000000000000000000000000000                         090000000000000000SINEDIFNIT                              00000000000000000000000000000000000                 
1040001300316U 0600000000000000000000000000000000000000000000000000000000000000000000000000000000000046517000000000000000000000000000000027042015300420150  0        000000000000000                              000                           
1040001300317T 0600249600300050008840I10288900000013300001               00000000000000000000000000000000                         090000000000000000SECOVIBALNCAMBORIU                      00000000000000000000000000000000000                 
1040001300318U 0600000000000000000000000000000000000000000000000000000000000000000000000000000000000019447300000000000000000000000000000027042015300420150  0        000000000000000                              000                           
1040001300319T 0600249600300050008840I10347900000035200001               00000000000000000000000000000000                         090000000000000000                                        00000000000000000000000000000000000                 
1040001300320U 0600000000000000000000000000000000000000000000000000000000000000000000000000000000000113781400000000000000000000000000000027042015300420150  0        000000000000000                              000                           
1040001300321T 0600249600300050008840I10386800000004500001               00000000000000000000000000000000                         090000000000000000                                        00000000000000000000000000000000000                 
1040001300322U 0600000000000000000000000000000000000000000000000000000000000000000000000000000000000038969600000000000000000000000000000027042015300420150  0        000000000000000                              000                           
1040001300323T 0600249600300050008840I10815700000055100001               00000000000000000000000000000000                         090000000000000000SINEMPEDIMUNRJ                          00000000000000000000000000000000000                 
1040001300324U 0600000000000000000000000000000000000000000000000000000000000000000000000000000000000146801300000000000000000000000000000027042015300420150  0        000000000000000                              000                           
1040001300325T 0600249600300050008840I18759600000030600001               00000000000000000000000000000000                         090000000000000000SEDCONRS                                00000000000000000000000000000000000                 
1040001300326U 0600000000000000000000000000000000000000000000000000000000000000000000000000000000000030051100000000000000000000000000000027042015300420150  0        000000000000000                              000                           
1040001300327T 0600249600300050008840I18881000000007000001               00000000000000000000000000000000                         090000000000000000SEEG                                    00000000000000000000000000000000000                 
1040001300328U 0600000000000000000000000000000000000000000000000000000000000000000000000000000000000023355500000000000000000000000000000027042015300420150  0        000000000000000                              000                           
1040001300329T 0600249600300050008840I18955500000000500001               00000000000000000000000000000000                         090000000000000000SIN EMP ED COND TAUBATE ZELADO          00000000000000000000000000000000000                 
1040001300330U 0600000000000000000000000000000000000000000000000000000000000000000000000000000000000001348900000000000000000000000000000027042015300420150  0        000000000000000                              000                           
1040001300331T 0600249600300050008840I18969500000014800001               00000000000000000000000000000000                         090000000000000000SINEVALI SIN EMPREG ED V PAR L          00000000000000000000000000000000000                 
1040001300332U 0600000000000000000000000000000000000000000000000000000000000000000000000000000000000032776400000000000000000000000000000027042015300420150  0        000000000000000                              000                           
1040001300333T 0600249600300050008840I19120300000002000001               00000000000000000000000000000000                         090000000000000000SINTECON SP                             00000000000000000000000000000000000                 
1040001300334U 0600000000000000000000000000000000000000000000000000000000000000000000000000000000000007516900000000000000000000000000000027042015300420150  0        000000000000000                              000                           
1040001300335T 0600249600300050008840I19714500000005700001               00000000000000000000000000000000                         090000000000000000STCSVSP                                 00000000000000000000000000000000000                 
1040001300336U 0600000000000000000000000000000000000000000000000000000000000000000000000000000000000013260700000000000000000000000000000027042015300420150  0        000000000000000                              000                           
1040001300337T 0600249600300050008840I19812400000002400001               00000000000000000000000000000000                         090000000000000000SINDITRABCONDO                          00000000000000000000000000000000000                 
1040001300338U 0600000000000000000000000000000000000000000000000000000000000000000000000000000000000007209700000000000000000000000000000027042015300420150  0        000000000000000                              000                           
1040001300339T 0600249600300050008840I19864400000001800001               00000000000000000000000000000000                         090000000000000000SINTRECON PELOTAS                       00000000000000000000000000000000000                 
1040001300340U 0600000000000000000000000000000000000000000000000000000000000000000000000000000000000002221000000000000000000000000000000028042015300420150  0        000000000000000                              000                           
1040001300341T 0600249600300050008840I19891100000000200001               00000000000000000000000000000000                         090000000000000000SINTCONDOMINIOS ST MARIA RS             00000000000000000000000000000000000                 
1040001300342U 0600000000000000000000000000000000000000000000000000000000000000000000000000000000000000083300000000000000000000000000000027042015300420150  0        000000000000000                              000                           
10400015         00034200000000000000000000000000000000000000000000000000000000000000000000000000000000000000000833                           00000000000000000000000000000                                                                     
10499999         000001000346000000000              00000 000000000000                                                                        00000000000000000000000000000                                                                     
