10400000         201274648000119200506              00249600300050008840FED NAC TRAB EDIF CONDOMINIOS CAIXA ECONOMICA FEDERAL                 20605201503584500180606000000                                                                     
10400011T01  030 2001274648000119200506              00249600300050008840FED NAC TRAB EDIF CONDOMINIOS 200506FED NAC TRAB EDIF CONDOMINIOS     300562CONATEC                           000000000605201500000000                                 
1040001300001T 0600249600300050008840D00000000000000000001               30042015000000000000000237032573                         090000000000541771104926414000000000097005068277000000541771110000000000000000004810000000000                 
1040001300002U 0600000000000000000000000000000000000000000222600000000000222600000000001113200000000000668000000000000000000000000000000004052015070520151900        000000000000000CIP COMPENSACAO               811                           
1040001300003T 0600249600300050008840D00000000000000000001               30042015000000000000000237032573                         090000000000541808104936414000000000097005068277000000541808110000000000000000004810000000000                 
1040001300004U 0600000000000000000000000000000000000000000486700000000000486700000000002433300000000001459900000000000000000000000000000004052015070520151900        000000000000000CIP COMPENSACAO               811                           
1040001300005T 0600249600300050008840D00000000000000000001               30042015000000000000000237032573                         090000000000541959104916414000000000097005068277000000541959110000000000000000004810000000000                 
1040001300006U 0600000000000000000000000000000000000000000512800000000000512800000000002564000000000001538400000000000000000000000000000004052015070520151900        000000000000000CIP COMPENSACAO               811                           
1040001300007T 0600249600300050008840D00000000000000000001               04052015000000000013560104020443                         090000084019320001104936418000001356097005068277084019320001110000000000000000004480000000000                 
1040001300008U 0600000000000000000000000000000000000000000271200000000000271200000000001356000000000000813600000000000000000000000000000004052015070520152100        000000000000000AUTOMACAO                     811                           
1040001300009T 0600249600300050008840D00000000000000000001               04052015000000000005426341071234                         090000084342060001104916418000000542697005064277084342060001120000000000000000004810000000000                 
1040001300010U 0600000000000000000000000000000000000000000108500000000000108500000000000542600000000000325600000000000000000000000000000004052015070520151900        000000000000000CIP COMPENSACAO               412                           
1040001300011T 0600249600300050008840D00000000000000000001               29052015000000000003631237032247                         090000104037300001104916443000000363197005068277104037300001110000000000000000004810000000000                 
1040001300012U 0600000000000000000000000000000000000000000072600000000000072600000000000363100000000000217900000000000000000000000000000004052015070520151900        000000000000000CIP COMPENSACAO               811                           
1040001300013T 0600249600300050008840D00000000000000000001               05052015000000000013560756033588                         090000127937610001104916419000001356097005068277127937610001110000000000000000004810000000000                 
1040001300014U 0600000000000000000000000000000000000000000271200000000000271200000000001356000000000000813600000000000000000000000000000004052015070520151900        000000000000000CIP COMPENSACAO               811                           
1040001300015T 0600249600300050008840D00000000000000000001               30042015000000000016532237032573                         090000179780190001104946414000001653297005067277179780190001040000000000000000004810000000000                 
1040001300016U 0600000000000000000000000000000000000000000330600000000000330600000000001653200000000000992000000000000000000000000000000004052015070520151900        000000000000000CIP COMPENSACAO               704                           
1040001300017T 0600249600300050008840D00000000000000000001               05052015000000000002713104032425                         090000007868700001104926419000000271397005068277007868700001110000000000000000003050000000000                 
1040001300018U 0600000000000000000000000000000000000000000054300000000000054300000000000271300000000000162700000000000000000000000000000005052015070520151700        000000000000000LOTERICOS SISPL               811                           
1040001300019T 0600249600300050008840D00000000000000000001               05052015000000000008139104006335                         090000012762160001104916419000000813997005068277012762160001110000000000000000004480000000000                 
1040001300020U 0600000000000000000000000000000000000000000162800000000000162800000000000813900000000000488300000000000000000000000000000005052015070520151100        000000000000000AUTOMACAO                     811                           
1040001300021T 0600249600300050008840D00000000000000000001               06052015000000000019900104015857                         090000025969290001104946420000001990097005068277025969290001110000000000000000001800000000000                 
1040001300022U 06000000000000000000000000000000000000000003980000000000003980000000000019900000000000011940000000000000000000000000000000050520150705201512I0        000000000000000INTERNET                      811                           
1040001300023T 0600249600300050008840D00000000000000000001               08052015000000000010761104000345                         090000058543740001104956422000001076197005068277058543740001110000000000000000004480000000000                 
1040001300024U 0600000000000000000000000000000000000000000215200000000000215200000000001076100000000000645700000000000000000000000000000005052015070520151100        000000000000000AUTOMACAO                     811                           
1040001300025T 0600249600300050008840D00000000000000000001               30042015000000000001737104018813                         090000108189010001104916414000000173797005068277108189010001110000000000000000003050000000000                 
1040001300026U 0600000000000017800000000000000000000000000034700000000000034700000000000191500000000000122100000000000000000000000000000005052015070520151700        000000000000000LOTERICOS SISPL               811                           
1040001300027T 0600249600300050008840I10140200000000800001               00000000000000000000000000000000                         090000000000000000SINEDIFNIT                              00000000000000000000000000000000000                 
1040001300028U 0600000000000000000000000000000000000000000000000000000000000000000000000000000000000001031700000000000000000000000000000004052015070520150  0        000000000000000                              000                           
1040001300029T 0600249600300050008840I10288900000000100001               00000000000000000000000000000000                         090000000000000000SECOVIBALNCAMBORIU                      00000000000000000000000000000000000                 
1040001300030U 0600000000000000000000000000000000000000000000000000000000000000000000000000000000000000048500000000000000000000000000000005052015070520150  0        000000000000000                              000                           
1040001300031T 0600249600300050008840I10347900000000400001               00000000000000000000000000000000                         090000000000000000                                        00000000000000000000000000000000000                 
1040001300032U 0600000000000000000000000000000000000000000000000000000000000000000000000000000000000000438300000000000000000000000000000005052015070520150  0        000000000000000                              000                           
1040001300033T 0600249600300050008840I10386800000000600001               00000000000000000000000000000000                         090000000000000000                                        00000000000000000000000000000000000                 
1040001300034U 0600000000000000000000000000000000000000000000000000000000000000000000000000000000000005663400000000000000000000000000000004052015070520150  0        000000000000000                              000                           
1040001300035T 0600249600300050008840I10815700000001400001               00000000000000000000000000000000                         090000000000000000SINEMPEDIMUNRJ                          00000000000000000000000000000000000                 
1040001300036U 0600000000000000000000000000000000000000000000000000000000000000000000000000000000000002653900000000000000000000000000000004052015070520150  0        000000000000000                              000                           
1040001300037T 0600249600300050008840I18759600000000600001               00000000000000000000000000000000                         090000000000000000SEDCONRS                                00000000000000000000000000000000000                 
1040001300038U 0600000000000000000000000000000000000000000000000000000000000000000000000000000000000000294600000000000000000000000000000004052015070520150  0        000000000000000                              000                           
1040001300039T 0600249600300050008840I18881000000000400001               00000000000000000000000000000000                         090000000000000000SEEG                                    00000000000000000000000000000000000                 
1040001300040U 0600000000000000000000000000000000000000000000000000000000000000000000000000000000000000679800000000000000000000000000000004052015070520150  0        000000000000000                              000                           
1040001300041T 0600249600300050008840I19812400000000300001               00000000000000000000000000000000                         090000000000000000SINDITRABCONDO                          00000000000000000000000000000000000                 
1040001300042U 0600000000000000000000000000000000000000000000000000000000000000000000000000000000000000840700000000000000000000000000000004052015070520150  0        000000000000000                              000                           
1040001300043T 0600249600300050008840I19864400000000300001               00000000000000000000000000000000                         090000000000000000SINTRECON PELOTAS                       00000000000000000000000000000000000                 
1040001300044U 0600000000000000000000000000000000000000000000000000000000000000000000000000000000000000717600000000000000000000000000000005052015070520150  0        000000000000000                              000                           
1040001300045T 0600249600300050008840I19891100000000100001               00000000000000000000000000000000                         090000000000000000SINTCONDOMINIOS ST MARIA RS             00000000000000000000000000000000000                 
1040001300046U 0600000000000000000000000000000000000000000000000000000000000000000000000000000000000000049200000000000000000000000000000005052015070520150  0        000000000000000                              000                           
10400015         00004600000000000000000000000000000000000000000000000000000000000000000000000000000000000000000492                           00000000000000000000000000000                                                                     
10499999         000001000050000000000              00000 000000000000                                                                        00000000000000000000000000000                                                                     
