10400000         201274648000119200506              00249600300050008840FED NAC TRAB EDIF CONDOMINIOS CAIXA ECONOMICA FEDERAL                 20805201501564400180806000000                                                                     
10400011T01  030 2001274648000119200506              00249600300050008840FED NAC TRAB EDIF CONDOMINIOS 200506FED NAC TRAB EDIF CONDOMINIOS     300562CONATEC                           000000000805201500000000                                 
1040001300001T 0600249600300050008840D00000000000000000001               08052015000000000019866237030708                         090000029252800001104936422000001986697005065277029252800001590000000000000000004810000000000                 
1040001300002U 0600000000000000000000000000000000000000000397300000000000397300000000001986600000000001192000000000000000000000000000000006052015110520151900        000000000000000CIP COMPENSACAO               559                           
1040001300003T 0600249600300050008840D00000000000000000001               06052015000000000013565001048330                         090000032866160001104976420000001356597005068277032866160001110000000000000000004810000000000                 
1040001300004U 0600000000000000000000000000000000000000000271300000000000271300000000001356500000000000813900000000000000000000000000000006052015110520151900        000000000000000CIP COMPENSACAO               811                           
1040001300005T 0600249600300050008840D00000000000000000001               07052015000000000012204001048330                         090000048121690001104966421000001220497005068277048121690001110000000000000000004810000000000                 
1040001300006U 0600000000000000000000000000000000000000000244100000000000244100000000001220400000000000732200000000000000000000000000000006052015110520151900        000000000000000CIP COMPENSACAO               811                           
1040001300007T 0600249600300050008840D00000000000000000001               06052015000000000002712001036986                         090000048694650001104926420000000271297005068277048694650001110000000000000000004810000000000                 
1040001300008U 0600000000000000000000000000000000000000000054200000000000054200000000000271200000000000162800000000000000000000000000000006052015110520151900        000000000000000CIP COMPENSACAO               811                           
1040001300009T 0600249600300050008840D00000000000000000001               06052015000000000005424001035254                         090000050091110001104996420000000542497005068277050091110001110000000000000000004810000000000                 
1040001300010U 0600000000000000000000000000000000000000000108500000000000108500000000000542400000000000325400000000000000000000000000000006052015110520151900        000000000000000CIP COMPENSACAO               811                           
1040001300011T 0600249600300050008840D00000000000000000001               06052015000000000065112756013579                         090000059065340001104936420000006511297005068277059065340001120000000000000000004810000000000                 
1040001300012U 0600000000000000000000000000000000000000001302200000000001302200000000006511200000000003906800000000000000000000000000000006052015110520151900        000000000000000CIP COMPENSACAO               812                           
1040001300013T 0600249600300050008840D00000000000000000001               07052015000000000014479001048330                         090000072818630001104966421000001447997005068277072818630001110000000000000000004810000000000                 
1040001300014U 0600000000000000000000000000000000000000000289600000000000289600000000001447900000000000868700000000000000000000000000000006052015110520151900        000000000000000CIP COMPENSACAO               811                           
1040001300015T 0600249600300050008840D00000000000000000001               06052015000000000019818341091898                         090000106423750001104916420000001981897005068277106423750001110000000000000000004810000000000                 
1040001300016U 0600000000000000000000000000000000000000000396400000000000396400000000001981800000000001189000000000000000000000000000000006052015110520151900        000000000000000CIP COMPENSACAO               811                           
1040001300017T 0600249600300050008840D00000000000000000001               06052015000000000928448001000221                         090000133050890001104966420000092844897005067277133050890001820000000000000000004810000000000                 
1040001300018U 0600000000000000000000000000000000000000018569000000000018569000000000092844800000000055706800000000000000000000000000000006052015110520151900        000000000000000CIP COMPENSACAO               782                           
1040001300019T 0600249600300050008840D00000000000000000001               30042015000000000000000104004146                         090000000000544203104956414000000000097005068277000000544203110000000000000000004480000000000                 
1040001300020U 0600000000000000000000000000000000000000000110000000000000110000000000000550000000000000330000000000000000000000000000000007052015110520151100        000000000000000AUTOMACAO                     811                           
1040001300021T 0600249600300050008840D00000000000000000001               30042015000000000016278104015857                         090000116388120001104946414000001627897005068277116388120001110000000000000000004480000000000                 
1040001300022U 0600000000000178900000000000000000000000000325600000000000325600000000001806700000000001155500000000000000000000000000000007052015110520151100        000000000000000AUTOMACAO                     811                           
1040001300023T 0600249600300050008840D00000000000000000001               29052015000000000002713104020443                         090000198310260001104976443000000271397005068277198310260001110000000000000000003050000000000                 
1040001300024U 0600000000000000000000000000000000000000000054300000000000054300000000000271300000000000162700000000000000000000000000000007052015110520151700        000000000000000LOTERICOS SISPL               811                           
1040001300025T 0600249600300050008840D00000000000000000001               10052015000000000017143104000353                         090000409866550001104916424000001714397005068277409866550001110000000000000000002190000000000                 
1040001300026U 06000000000000000000000000000000000000000003429000000000003429000000000017143000000000010285000000000000000000000000000000070520151105201512C0        000000000000000SALA DE CONVENIENCIA          811                           
1040001300027T 0600249600300050008840D00000000000000000001               30042015000000000003657104004146                         090000785043470001104976414000000365797005068277785043470001110000000000000000003050000000000                 
1040001300028U 0600000000000043900000000000000000000000000073100000000000073100000000000409600000000000263400000000000000000000000000000007052015110520151700        000000000000000LOTERICOS SISPL               811                           
1040001300029T 0600249600300050008840I10140200000002500001               00000000000000000000000000000000                         090000000000000000SINEDIFNIT                              00000000000000000000000000000000000                 
1040001300030U 0600000000000000000000000000000000000000000000000000000000000000000000000000000000000005280700000000000000000000000000000006052015110520150  0        000000000000000                              000                           
1040001300031T 0600249600300050008840I10288900000000300001               00000000000000000000000000000000                         090000000000000000SECOVIBALNCAMBORIU                      00000000000000000000000000000000000                 
1040001300032U 0600000000000000000000000000000000000000000000000000000000000000000000000000000000000000168700000000000000000000000000000007052015110520150  0        000000000000000                              000                           
1040001300033T 0600249600300050008840I10347900000000400001               00000000000000000000000000000000                         090000000000000000                                        00000000000000000000000000000000000                 
1040001300034U 0600000000000000000000000000000000000000000000000000000000000000000000000000000000000000394700000000000000000000000000000007052015110520150  0        000000000000000                              000                           
1040001300035T 0600249600300050008840I10386800000000100001               00000000000000000000000000000000                         090000000000000000                                        00000000000000000000000000000000000                 
1040001300036U 0600000000000000000000000000000000000000000000000000000000000000000000000000000000000000259400000000000000000000000000000006052015110520150  0        000000000000000                              000                           
1040001300037T 0600249600300050008840I10815700000000500001               00000000000000000000000000000000                         090000000000000000SINEMPEDIMUNRJ                          00000000000000000000000000000000000                 
1040001300038U 0600000000000000000000000000000000000000000000000000000000000000000000000000000000000000549200000000000000000000000000000006052015110520150  0        000000000000000                              000                           
1040001300039T 0600249600300050008840I18759600000000600001               00000000000000000000000000000000                         090000000000000000SEDCONRS                                00000000000000000000000000000000000                 
1040001300040U 0600000000000000000000000000000000000000000000000000000000000000000000000000000000000000369900000000000000000000000000000006052015110520150  0        000000000000000                              000                           
1040001300041T 0600249600300050008840I18881000000000300001               00000000000000000000000000000000                         090000000000000000SEEG                                    00000000000000000000000000000000000                 
1040001300042U 0600000000000000000000000000000000000000000000000000000000000000000000000000000000000000534200000000000000000000000000000006052015110520150  0        000000000000000                              000                           
1040001300043T 0600249600300050008840I18969500000000700001               00000000000000000000000000000000                         090000000000000000SINEVALI SIN EMPREG ED V PAR L          00000000000000000000000000000000000                 
1040001300044U 0600000000000000000000000000000000000000000000000000000000000000000000000000000000000002466100000000000000000000000000000006052015110520150  0        000000000000000                              000                           
1040001300045T 0600249600300050008840I19120300000000100001               00000000000000000000000000000000                         090000000000000000SINTECON SP                             00000000000000000000000000000000000                 
1040001300046U 0600000000000000000000000000000000000000000000000000000000000000000000000000000000000000284900000000000000000000000000000006052015110520150  0        000000000000000                              000                           
1040001300047T 0600249600300050008840I19812400000000400001               00000000000000000000000000000000                         090000000000000000SINDITRABCONDO                          00000000000000000000000000000000000                 
1040001300048U 0600000000000000000000000000000000000000000000000000000000000000000000000000000000000000612600000000000000000000000000000007052015110520150  0        000000000000000                              000                           
1040001300049T 0600249600300050008840I19876600000000100001               00000000000000000000000000000000                         090000000000000000SINDEMPEDIFICIOS URUGUAIANA RS          00000000000000000000000000000000000                 
1040001300050U 0600000000000000000000000000000000000000000000000000000000000000000000000000000000000000119900000000000000000000000000000006052015110520150  0        000000000000000                              000                           
10400015         00005000000000000000000000000000000000000000000000000000000000000000000000000000000000000000001199                           00000000000000000000000000000                                                                     
10499999         000001000054000000000              00000 000000000000                                                                        00000000000000000000000000000                                                                     
