10400000         243070481000114186200              00249600300000286080SINEMPEDIFPORTCAB MUN SP      CAIXA ECONOMICA FEDERAL                 22506201004391700129606000000                                                                     
10400011T01  030 2043070481000114186200              00249600300000286080SINEMPEDIFPORTCAB MUN SP      200501                                  000000                                  000000002506201000000000                                 
1040001300001T 0600249600300000286080D00000000000000000001               30062010000000000000000341048364                         090000033624470001104914649000000000097862009177033624470001300000000000000000002220000000000                 
1040001300002U 0600000000000000000000000000045000000000000000000000000000045000000000000225000000000000135000000000000000000000000000000022062010250620101900        000000000000000CIP COMPENSACAO               930                           
1040001300003T 0600249600300000286080D00000000000000000001               30062010000000000000000341001503                         090000625804770001104924649000000000097862009177625804770001300000000000000000002220000000000                 
1040001300004U 0600000000000000000000000000045000000000000000000000000000045000000000000225000000000000135000000000000000000000000000000022062010250620101900        000000000000000CIP COMPENSACAO               930                           
10400015         00000400000000000000000000000000000000000000000000000000000000000000000000000000000000000000002700                           00000000000000000000000000000                                                                     
10499999         000001000008000000000              00000 000000000000                                                                        00000000000000000000000000000                                                                     
