10400000         243070481000114186200              00249600300000286080SINEMPEDIFPORTCAB MUN SP      CAIXA ECONOMICA FEDERAL                 20607201005200900130306000000                                                                     
10400011T01  030 2043070481000114186200              00249600300000286080SINEMPEDIFPORTCAB MUN SP      200501                                  000000                                  000000000607201000000000                                 
1040001300001T 0600249600300000286080D00000000000000000001               30042010000000000012807104002526                         090000547499160001104994588000001280797862008177547499160001110000000000000000002180000000000                 
1040001300002U 0600000000000192100000000000256100000000000000000000000000256100000000001472800000000000960600000000000000000000000000000001072010060720102100        000000000000000AUTOMACAO                     811                           
1040001300003T 0600249600300000286080D00000000000000000001               30072010000000000000000356016292                         090000550675810001104904679000000000097862009177550675810001300000000000000000002220000000000                 
1040001300004U 0600000000000000000000000000047100000000000000000000000000047100000000000235400000000000141200000000000000000000000000000001072010060720101900        000000000000000CIP COMPENSACAO               930                           
10400015         00000400000000000000000000000000000000000000000000000000000000000000000000000000000000000000011018                           00000000000000000000000000000                                                                     
10499999         000001000008000000000              00000 000000000000                                                                        00000000000000000000000000000                                                                     
