10400000         243070481000114186200              00249600300000286080SINEMPEDIFPORTCAB MUN SP      CAIXA ECONOMICA FEDERAL                 21304201005344500124606000000                                                                     
10400011T01  030 2043070481000114186200              00249600300000286080SINEMPEDIFPORTCAB MUN SP      200501                                  000000                                  000000001304201000000000                                 
1040001300001T 0600249600300000286080D00000000000000000001               30042010000000000000000237031917                         090000003280730001104964588000000000097862009177003280730001300000000000000000002220000000000                 
1040001300002U 0600000000000000000000000000280800000000000000000000000000280800000000001404000000000000842400000000000000000000000000000008042010130420101900        000000000000000CIP COMPENSACAO               930                           
1040001300003T 0600249600300000286080D00000000000000000001               30042010000000000000000341004529                         090000004076480001104994588000000000097862009177004076480001300000000000000000002220000000000                 
1040001300004U 0600000000000000000000000000071700000000000000000000000000071700000000000358300000000000214900000000000000000000000000000008042010130420101900        000000000000000CIP COMPENSACAO               930                           
1040001300005T 0600249600300000286080D00000000000000000001               30042010000000000000000341029238                         090000004279130001104974588000000000097862009177004279130001300000000000000000002220000000000                 
1040001300006U 0600000000000000000000000000169500000000000000000000000000169500000000000847300000000000508300000000000000000000000000000008042010130420101900        000000000000000CIP COMPENSACAO               930                           
1040001300007T 0600249600300000286080D00000000000000000001               30042010000000000000000237030902                         090000023755000001104954588000000000097862009177023755000001300000000000000000002220000000000                 
1040001300008U 0600000000000000000000000000088600000000000000000000000000088600000000000442900000000000265700000000000000000000000000000008042010130420101900        000000000000000CIP COMPENSACAO               930                           
1040001300009T 0600249600300000286080D00000000000000000001               30042010000000000000000237004944                         090000029244730001104914588000000000097862009177029244730001300000000000000000002220000000000                 
1040001300010U 0600000000000000000000000000141500000000000000000000000000141500000000000707300000000000424300000000000000000000000000000008042010130420101900        000000000000000CIP COMPENSACAO               930                           
1040001300011T 0600249600300000286080D00000000000000000001               30042010000000000000000237030902                         090000031023380001104934588000000000097862009177031023380001300000000000000000002220000000000                 
1040001300012U 0600000000000000000000000000097600000000000000000000000000097600000000000488000000000000292800000000000000000000000000000008042010130420101900        000000000000000CIP COMPENSACAO               930                           
1040001300013T 0600249600300000286080D00000000000000000001               30042010000000000000000356008273                         090000034739530001104904588000000000097862009177034739530001300000000000000000002220000000000                 
1040001300014U 0600000000000000000000000000174200000000000000000000000000174200000000000870800000000000522400000000000000000000000000000008042010130420101900        000000000000000CIP COMPENSACAO               930                           
1040001300015T 0600249600300000286080D00000000000000000001               30042010000000000000000237029769                         090000038738480001104964588000000000097862009177038738480001300000000000000000002220000000000                 
1040001300016U 0600000000000000000000000000595300000000000000000000000000595300000000002976400000000001785800000000000000000000000000000008042010130420101900        000000000000000CIP COMPENSACAO               930                           
1040001300017T 0600249600300000286080D00000000000000000001               30042010000000000000000356006335                         090000045725040001104904588000000000097862009177045725040001300000000000000000002220000000000                 
1040001300018U 0600000000000000000000000000307000000000000000000000000000307000000000001534900000000000920900000000000000000000000000000008042010130420101900        000000000000000CIP COMPENSACAO               930                           
1040001300019T 0600249600300000286080D00000000000000000001               30042010000000000000000237030902                         090000050481040001104934588000000000097862009177050481040001300000000000000000002220000000000                 
1040001300020U 0600000000000000000000000000096100000000000000000000000000096100000000000480700000000000288500000000000000000000000000000008042010130420101900        000000000000000CIP COMPENSACAO               930                           
1040001300021T 0600249600300000286080D00000000000000000001               30042010000000000000000341007480                         090000055743080001104984588000000000097862009177055743080001300000000000000000002220000000000                 
1040001300022U 0600000000000000000000000000123300000000000000000000000000123300000000000616600000000000370000000000000000000000000000000008042010130420101900        000000000000000CIP COMPENSACAO               930                           
1040001300023T 0600249600300000286080D00000000000000000001               30042010000000000000000237028428                         090000060310050001104954588000000000097862009177060310050001300000000000000000002220000000000                 
1040001300024U 0600000000000000000000000000118900000000000000000000000000118900000000000594300000000000356500000000000000000000000000000008042010130420101900        000000000000000CIP COMPENSACAO               930                           
1040001300025T 0600249600300000286080D00000000000000000001               30042010000000000005106033001180                         090000100202200015104934588000000510697862008177100202200015110000000000000000002220000000000                 
1040001300026U 0600000000000000000000000000102100000000000000000000000000102100000000000510600000000000306400000000000000000000000000000008042010130420101900        000000000000000CIP COMPENSACAO               811                           
1040001300027T 0600249600300000286080D00000000000000000001               30042010000000000000000341029483                         090000388946710001104914588000000000097862009177388946710001300000000000000000002220000000000                 
1040001300028U 0600000000000000000000000000078100000000000000000000000000078100000000000390300000000000234100000000000000000000000000000008042010130420101900        000000000000000CIP COMPENSACAO               930                           
1040001300029T 0600249600300000286080D00000000000000000001               30042010000000000000000356006343                         090000538311450001104904588000000000097862009177538311450001300000000000000000002220000000000                 
1040001300030U 0600000000000000000000000000103300000000000000000000000000103300000000000516700000000000310100000000000000000000000000000008042010130420101900        000000000000000CIP COMPENSACAO               930                           
1040001300031T 0600249600300000286080D00000000000000000001               07101997000000000000000341000612                         090000540010030001104900000000000000097862009177540010030001300000000000000000002220000000000                 
1040001300032U 0600000000000000000000000000493200000000000000000000000000493200000000002466000000000001479600000000000000000000000000000008042010130420101900        000000000000000CIP COMPENSACAO               930                           
1040001300033T 0600249600300000286080D00000000000000000001               30042010000000000000000356008273                         090000540673680001104904588000000000097862009177540673680001300000000000000000002220000000000                 
1040001300034U 0600000000000000000000000000357300000000000000000000000000357300000000001786600000000001072000000000000000000000000000000008042010130420101900        000000000000000CIP COMPENSACAO               930                           
1040001300035T 0600249600300000286080D00000000000000000001               30042010000000000000000356008273                         090000542784110001104904588000000000097862009177542784110001300000000000000000002220000000000                 
1040001300036U 0600000000000000000000000000057900000000000000000000000000057900000000000289300000000000173500000000000000000000000000000008042010130420101900        000000000000000CIP COMPENSACAO               930                           
1040001300037T 0600249600300000286080D00000000000000000001               30042010000000000042490399002682                         090000543215340001104974588000004249097862008177543215340001110000000000000000002220000000000                 
1040001300038U 0600000000000000000000000000849800000000000000000000000000849800000000004249000000000002549400000000000000000000000000000008042010130420101900        000000000000000CIP COMPENSACAO               811                           
1040001300039T 0600249600300000286080D00000000000000000001               30042010000000000000000409001392                         090000543222500001104934588000000000097862009177543222500001300000000000000000002220000000000                 
1040001300040U 0600000000000000000000000000348900000000000000000000000000348900000000001744600000000001046800000000000000000000000000000008042010130420101900        000000000000000CIP COMPENSACAO               930                           
1040001300041T 0600249600300000286080D00000000000000000001               30042010000000000000000001048666                         090000543245460001104974588000000000097862009177543245460001300000000000000000002220000000000                 
1040001300042U 0600000000000000000000000000188100000000000000000000000000188100000000000940300000000000564100000000000000000000000000000008042010130420101900        000000000000000CIP COMPENSACAO               930                           
1040001300043T 0600249600300000286080D00000000000000000001               30042010000000000000000341007552                         090000545304800001104984588000000000097862009177545304800001300000000000000000002220000000000                 
1040001300044U 0600000000000000000000000000094100000000000000000000000000094100000000000470600000000000282400000000000000000000000000000008042010130420101900        000000000000000CIP COMPENSACAO               930                           
1040001300045T 0600249600300000286080D00000000000000000001               30042010000000000000000356006807                         090000555947250001104904588000000000097862009177555947250001300000000000000000002220000000000                 
1040001300046U 0600000000000000000000000000278700000000000000000000000000278700000000001393300000000000835900000000000000000000000000000008042010130420101900        000000000000000CIP COMPENSACAO               930                           
1040001300047T 0600249600300000286080D00000000000000000001               30042010000000000000000356008273                         090000578677070001104904588000000000097862009177578677070001300000000000000000002220000000000                 
1040001300048U 0600000000000000000000000000552200000000000000000000000000552200000000002761200000000001656800000000000000000000000000000008042010130420101900        000000000000000CIP COMPENSACAO               930                           
1040001300049T 0600249600300000286080D00000000000000000001               30042010000000000000000341007587                         090000583711540001104994588000000000097862009177583711540001300000000000000000002220000000000                 
1040001300050U 0600000000000000000000000000405900000000000000000000000000405900000000002029400000000001217600000000000000000000000000000008042010130420101900        000000000000000CIP COMPENSACAO               930                           
1040001300051T 0600249600300000286080D00000000000000000001               30042010000000000000000341040738                         090000587290960001104914588000000000097862009177587290960001300000000000000000002220000000000                 
1040001300052U 0600000000000000000000000000474300000000000000000000000000474300000000002371400000000001422800000000000000000000000000000008042010130420101900        000000000000000CIP COMPENSACAO               930                           
1040001300053T 0600249600300000286080D00000000000000000001               30042010000000000002245151003905                         090000598286320001104944588000000224597862009177598286320001490000000000000000002220000000000                 
1040001300054U 0600000000000000000000000000044900000000000000000000000000044900000000000224500000000000134700000000000000000000000000000008042010130420101900        000000000000000CIP COMPENSACAO               949                           
1040001300055T 0600249600300000286080D00000000000000000001               30042010000000000000000001003867                         090000599455270001104914588000000000097862009177599455270001300000000000000000002220000000000                 
1040001300056U 0600000000000000000000000000339900000000000000000000000000339900000000001699500000000001019700000000000000000000000000000008042010130420101900        000000000000000CIP COMPENSACAO               930                           
1040001300057T 0600249600300000286080D00000000000000000001               30042010000000000000000341005851                         090000605325040001104924588000000000097862009177605325040001300000000000000000002220000000000                 
1040001300058U 0600000000000000000000000000124500000000000000000000000000124500000000000622600000000000373600000000000000000000000000000008042010130420101900        000000000000000CIP COMPENSACAO               930                           
1040001300059T 0600249600300000286080D00000000000000000001               30042010000000000000000341003905                         090000625802790001104914588000000000097862009177625802790001300000000000000000002220000000000                 
1040001300060U 0600000000000000000000000000206000000000000000000000000000206000000000001030000000000000618000000000000000000000000000000008042010130420101900        000000000000000CIP COMPENSACAO               930                           
1040001300061T 0600249600300000286080D00000000000000000001               30042010000000000000000033021830                         090000668622360001104914588000000000097862009177668622360001300000000000000000002220000000000                 
1040001300062U 0600000000000000000000000000049000000000000000000000000000049000000000000244900000000000146900000000000000000000000000000008042010130420101900        000000000000000CIP COMPENSACAO               930                           
1040001300063T 0600249600300000286080D00000000000000000001               30042010000000000000000341007722                         090000679873210001104934588000000000097862009177679873210001300000000000000000002220000000000                 
1040001300064U 0600000000000000000000000000532300000000000000000000000000532300000000002661400000000001596800000000000000000000000000000008042010130420101900        000000000000000CIP COMPENSACAO               930                           
1040001300065T 0600249600300000286080D00000000000000000001               30042010000000000000000341001775                         090000681518020001104914588000000000097862009177681518020001300000000000000000002220000000000                 
1040001300066U 0600000000000000000000000000172400000000000000000000000000172400000000000861900000000000517100000000000000000000000000000008042010130420101900        000000000000000CIP COMPENSACAO               930                           
1040001300067T 0600249600300000286080D00000000000000000001               30042010000000000000000356008273                         090000691067300001104904588000000000097862009177691067300001300000000000000000002220000000000                 
1040001300068U 0600000000000000000000000000050300000000000000000000000000050300000000000251300000000000150700000000000000000000000000000008042010130420101900        000000000000000CIP COMPENSACAO               930                           
1040001300069T 0600249600300000286080D00000000000000000001               30042010000000000000000104002631                         090000007245040001104914588000000000097862009177007245040001300000000000000000002180000000000                 
1040001300070U 0600000000000000000000000000049000000000000000000000000000049000000000000244900000000000146900000000000000000000000000000009042010130420101100        000000000000000AUTOMACAO                     930                           
1040001300071T 0600249600300000286080D00000000000000000001               30042010000000000000000104032115                         090000014891970001104944588000000000097862009177014891970001300000000000000000002180000000000                 
1040001300072U 0600000000000000000000000000045000000000000000000000000000045000000000000225000000000000135000000000000000000000000000000009042010130420101100        000000000000000AUTOMACAO                     930                           
1040001300073T 0600249600300000286080D00000000000000000001               30042010000000000000000104010057                         090000036440250001104964588000000000097862009177036440250001300000000000000000002180000000000                 
1040001300074U 0600000000000000000000000000049000000000000000000000000000049000000000000244900000000000146900000000000000000000000000000009042010130420101100        000000000000000AUTOMACAO                     930                           
1040001300075T 0600249600300000286080D00000000000000000001               30042010000000000002244104015997                         090000058711450001104964588000000224497862008177058711450001110000000000000000001090000000000                 
1040001300076U 0600000000000000000000000000044900000000000000000000000000044900000000000224400000000000134600000000000000000000000000000009042010130420101700        000000000000000LOTERICOS SISPL               811                           
1040001300077T 0600249600300000286080D00000000000000000001               30042010000000000000000104002372                         090000542081780001104964588000000000097862009177542081780001300000000000000000002180000000000                 
1040001300078U 0600000000000000000000000003625200000000000000000000000003625200000000018126100000000010875700000000000000000000000000000009042010130420101100        000000000000000AUTOMACAO                     930                           
1040001300079T 0600249600300000286080D00000000000000000001               30042010000000000000000104012300                         090000545266370001104914588000000000097862009177545266370001300000000000000000002180000000000                 
1040001300080U 0600000000000000000000000000409900000000000000000000000000409900000000002049700000000001229900000000000000000000000000000009042010130420101100        000000000000000AUTOMACAO                     930                           
1040001300081T 0600249600300000286080D00000000000000000001               30042010000000000000000104002631                         090000676307980001104994588000000000097862009177676307980001300000000000000000002180000000000                 
1040001300082U 0600000000000000000000000000078700000000000000000000000000078700000000000393700000000000236300000000000000000000000000000009042010130420101100        000000000000000AUTOMACAO                     930                           
1040001300083T 0600249600300000286080D00000000000000000001               30042010000000000000000104002631                         090000676320180001104914588000000000097862009177676320180001300000000000000000002180000000000                 
1040001300084U 0600000000000000000000000000061400000000000000000000000000061400000000000307200000000000184400000000000000000000000000000009042010130420101100        000000000000000AUTOMACAO                     930                           
10400015         00008400000000000000000000000000000000000000000000000000000000000000000000000000000000000000375912                           00000000000000000000000000000                                                                     
10499999         000001000088000000000              00000 000000000000                                                                        00000000000000000000000000000                                                                     
