10400000         243070481000114186200              00249600300000286080SINEMPEDIFPORTCAB MUN SP      CAIXA ECONOMICA FEDERAL                 21604201004341500124906000000                                                                     
10400011T01  030 2043070481000114186200              00249600300000286080SINEMPEDIFPORTCAB MUN SP      200501                                  000000                                  000000001604201000000000                                 
1040001300001T 0600249600300000286080D00000000000000000001               30042010000000000000000151009717                         090000000035662638104934588000000000097862009177000035662638300000000000000000002220000000000                 
1040001300002U 0600000000000000000000000000049300000000000000000000000000049300000000000246400000000000147800000000000000000000000000000013042010160420101900        000000000000000CIP COMPENSACAO               930                           
1040001300003T 0600249600300000286080D00000000000000000001               30042010000000000004516341016667                         090000000503550825104914588000000451697862008177000503550825110000000000000000002220000000000                 
1040001300004U 0600000000000000000000000000090300000000000000000000000000090300000000000451600000000000271000000000000000000000000000000013042010160420101900        000000000000000CIP COMPENSACAO               811                           
1040001300005T 0600249600300000286080D00000000000000000001               30042010000000000000000341002372                         090000000660940001104974588000000000097862009177000660940001300000000000000000002220000000000                 
1040001300006U 0600000000000000000000000000142600000000000000000000000000142600000000000712800000000000427600000000000000000000000000000013042010160420101900        000000000000000CIP COMPENSACAO               930                           
1040001300007T 0600249600300000286080D00000000000000000001               30042010000000000000000341079081                         090000000980310001104914588000000000097862009177000980310001300000000000000000002220000000000                 
1040001300008U 0600000000000000000000000000044900000000000000000000000000044900000000000224500000000000134700000000000000000000000000000013042010160420101900        000000000000000CIP COMPENSACAO               930                           
1040001300009T 0600249600300000286080D00000000000000000001               30042010000000000000000341002372                         090000001190390001104954588000000000097862009177001190390001300000000000000000002220000000000                 
1040001300010U 0600000000000000000000000000169500000000000000000000000000169500000000000847600000000000508600000000000000000000000000000013042010160420101900        000000000000000CIP COMPENSACAO               930                           
1040001300011T 0600249600300000286080D00000000000000000001               30042010000000000000000341071293                         090000001327030001104924588000000000097862009177001327030001300000000000000000002220000000000                 
1040001300012U 0600000000000000000000000000024500000000000000000000000000024500000000000122400000000000073400000000000000000000000000000013042010160420101900        000000000000000CIP COMPENSACAO               930                           
1040001300013T 0600249600300000286080D00000000000000000001               30042010000000000000000341002372                         090000001544260001104974588000000000097862009177001544260001300000000000000000002220000000000                 
1040001300014U 0600000000000000000000000000337400000000000000000000000000337400000000001686900000000001012100000000000000000000000000000013042010160420101900        000000000000000CIP COMPENSACAO               930                           
1040001300015T 0600249600300000286080D00000000000000000001               30042010000000000000000356017809                         090000005113921684104904588000000000097862009177005113921684300000000000000000002220000000000                 
1040001300016U 0600000000000000000000000000531500000000000000000000000000531500000000002657500000000001594500000000000000000000000000000013042010160420101900        000000000000000CIP COMPENSACAO               930                           
1040001300017T 0600249600300000286080D00000000000000000001               30042010000000000000000151003905                         090000005120201235104944588000000000097862009177005120201235300000000000000000002220000000000                 
1040001300018U 0600000000000000000000000000034500000000000000000000000000034500000000000172600000000000103600000000000000000000000000000013042010160420101900        000000000000000CIP COMPENSACAO               930                           
1040001300019T 0600249600300000286080D00000000000000000001               30042010000000000000000341002372                         090000008059140001104944588000000000097862009177008059140001300000000000000000002220000000000                 
1040001300020U 0600000000000000000000000000308600000000000000000000000000308600000000001543200000000000926000000000000000000000000000000013042010160420101900        000000000000000CIP COMPENSACAO               930                           
1040001300021T 0600249600300000286080D00000000000000000001               30042010000000000000000341002372                         090000008852730001104964588000000000097862009177008852730001300000000000000000002220000000000                 
1040001300022U 0600000000000000000000000000076100000000000000000000000000076100000000000380300000000000228100000000000000000000000000000013042010160420101900        000000000000000CIP COMPENSACAO               930                           
1040001300023T 0600249600300000286080D00000000000000000001               30042010000000000002449237007625                         090000017834062832104934588000000244997862006177017834062832810000000000000000002220000000000                 
1040001300024U 0600000000000000000000000000049000000000000000000000000000049000000000000244900000000000146900000000000000000000000000000013042010160420101900        000000000000000CIP COMPENSACAO               681                           
1040001300025T 0600249600300000286080D00000000000000000001               30042010000000000000000341002372                         090000018882860001104924588000000000097862009177018882860001300000000000000000002220000000000                 
1040001300026U 0600000000000000000000000000366600000000000000000000000000366600000000001833100000000001099900000000000000000000000000000013042010160420101900        000000000000000CIP COMPENSACAO               930                           
1040001300027T 0600249600300000286080D00000000000000000001               30042010000000000029867409015415                         090000021695810001104914588000002986797862008177021695810001110000000000000000002220000000000                 
1040001300028U 0600000000000000000000000000597300000000000000000000000000597300000000002986700000000001792100000000000000000000000000000013042010160420101900        000000000000000CIP COMPENSACAO               811                           
1040001300029T 0600249600300000286080D00000000000000000001               30042010000000000000000341002372                         090000025742430001104914588000000000097862009177025742430001300000000000000000002220000000000                 
1040001300030U 0600000000000000000000000000393300000000000000000000000000393300000000001966500000000001179900000000000000000000000000000013042010160420101900        000000000000000CIP COMPENSACAO               930                           
1040001300031T 0600249600300000286080D00000000000000000001               30042010000000000000000341002372                         090000026698740001104924588000000000097862009177026698740001300000000000000000002220000000000                 
1040001300032U 0600000000000000000000000000338000000000000000000000000000338000000000001690200000000001014200000000000000000000000000000013042010160420101900        000000000000000CIP COMPENSACAO               930                           
1040001300033T 0600249600300000286080D00000000000000000001               30042010000000000000000341001902                         090000028063280001104944588000000000097862009177028063280001300000000000000000002220000000000                 
1040001300034U 0600000000000000000000000000049000000000000000000000000000049000000000000245000000000000147000000000000000000000000000000013042010160420101900        000000000000000CIP COMPENSACAO               930                           
1040001300035T 0600249600300000286080D00000000000000000001               30042010000000000000000237003018                         090000029922780001104994588000000000097862009177029922780001300000000000000000002220000000000                 
1040001300036U 0600000000000000000000000000256800000000000000000000000000256800000000001284100000000000770500000000000000000000000000000013042010160420101900        000000000000000CIP COMPENSACAO               930                           
1040001300037T 0600249600300000286080D00000000000000000001               30042010000000000000000341002372                         090000031638200001104964588000000000097862009177031638200001300000000000000000002220000000000                 
1040001300038U 0600000000000000000000000000081700000000000000000000000000081700000000000408600000000000245200000000000000000000000000000013042010160420101900        000000000000000CIP COMPENSACAO               930                           
1040001300039T 0600249600300000286080D00000000000000000001               30042010000000000000000341002372                         090000037342480001104934588000000000097862009177037342480001300000000000000000002220000000000                 
1040001300040U 0600000000000000000000000000090000000000000000000000000000090000000000000450000000000000270000000000000000000000000000000013042010160420101900        000000000000000CIP COMPENSACAO               930                           
1040001300041T 0600249600300000286080D00000000000000000001               30042010000000000000000341002372                         090000039178910001104924588000000000097862009177039178910001300000000000000000002220000000000                 
1040001300042U 0600000000000000000000000000746600000000000000000000000000746600000000003733100000000002239900000000000000000000000000000013042010160420101900        000000000000000CIP COMPENSACAO               930                           
1040001300043T 0600249600300000286080D00000000000000000001               30042010000000000000000341002372                         090000045142030001104934588000000000097862009177045142030001300000000000000000002220000000000                 
1040001300044U 0600000000000000000000000000351400000000000000000000000000351400000000001757000000000001054200000000000000000000000000000013042010160420101900        000000000000000CIP COMPENSACAO               930                           
1040001300045T 0600249600300000286080D00000000000000000001               30042010000000000000000341002372                         090000047872400001104914588000000000097862009177047872400001300000000000000000002220000000000                 
1040001300046U 0600000000000000000000000000408200000000000000000000000000408200000000002040800000000001224400000000000000000000000000000013042010160420101900        000000000000000CIP COMPENSACAO               930                           
1040001300047T 0600249600300000286080D00000000000000000001               30042010000000000000000341002372                         090000055484110001104994588000000000097862009177055484110001300000000000000000002220000000000                 
1040001300048U 0600000000000000000000000000112700000000000000000000000000112700000000000563400000000000338000000000000000000000000000000013042010160420101900        000000000000000CIP COMPENSACAO               930                           
1040001300049T 0600249600300000286080D00000000000000000001               30042010000000000000000341002372                         090000081647100001104964588000000000097862009177081647100001300000000000000000002220000000000                 
1040001300050U 0600000000000000000000000000124500000000000000000000000000124500000000000622300000000000373300000000000000000000000000000013042010160420101900        000000000000000CIP COMPENSACAO               930                           
1040001300051T 0600249600300000286080D00000000000000000001               30042010000000000000000341002372                         090000083573560001104934588000000000097862009177083573560001300000000000000000002220000000000                 
1040001300052U 0600000000000000000000000000094000000000000000000000000000094000000000000469900000000000281900000000000000000000000000000013042010160420101900        000000000000000CIP COMPENSACAO               930                           
1040001300053T 0600249600300000286080D00000000000000000001               30042010000000000000000341002372                         090000084714550001104934588000000000097862009177084714550001300000000000000000002220000000000                 
1040001300054U 0600000000000000000000000000094000000000000000000000000000094000000000000469900000000000281900000000000000000000000000000013042010160420101900        000000000000000CIP COMPENSACAO               930                           
1040001300055T 0600249600300000286080D00000000000000000001               30042010000000000000000341002372                         090000092529340001104964588000000000097862009177092529340001300000000000000000002220000000000                 
1040001300056U 0600000000000000000000000000089700000000000000000000000000089700000000000448600000000000269200000000000000000000000000000013042010160420101900        000000000000000CIP COMPENSACAO               930                           
1040001300057T 0600249600300000286080D00000000000000000001               30042010000000000000000341007757                         090000103137030001104914588000000000097862009177103137030001300000000000000000002220000000000                 
1040001300058U 0600000000000000000000000000045000000000000000000000000000045000000000000225000000000000135000000000000000000000000000000013042010160420101900        000000000000000CIP COMPENSACAO               930                           
1040001300059T 0600249600300000286080D00000000000000000001               30042010000000000000000341002372                         090000106352720001104944588000000000097862009177106352720001300000000000000000002220000000000                 
1040001300060U 0600000000000000000000000000187900000000000000000000000000187900000000000939500000000000563700000000000000000000000000000013042010160420101900        000000000000000CIP COMPENSACAO               930                           
1040001300061T 0600249600300000286080D00000000000000000001               30042010000000000000000341002372                         090000388863960001104914588000000000097862009177388863960001300000000000000000002220000000000                 
1040001300062U 0600000000000000000000000000055300000000000000000000000000055300000000000276600000000000166000000000000000000000000000000013042010160420101900        000000000000000CIP COMPENSACAO               930                           
1040001300063T 0600249600300000286080D00000000000000000001               30042010000000000000000341002372                         090000388884260001104914588000000000097862009177388884260001300000000000000000002220000000000                 
1040001300064U 0600000000000000000000000000070900000000000000000000000000070900000000000354500000000000212700000000000000000000000000000013042010160420101900        000000000000000CIP COMPENSACAO               930                           
1040001300065T 0600249600300000286080D00000000000000000001               30042010000000000000000341002372                         090000388898950001104914588000000000097862009177388898950001300000000000000000002220000000000                 
1040001300066U 0600000000000000000000000000319000000000000000000000000000319000000000001594800000000000956800000000000000000000000000000013042010160420101900        000000000000000CIP COMPENSACAO               930                           
1040001300067T 0600249600300000286080D00000000000000000001               30042010000000000000000341002372                         090000388921880001104954588000000000097862009177388921880001300000000000000000002220000000000                 
1040001300068U 0600000000000000000000000000273400000000000000000000000000273400000000001367200000000000820400000000000000000000000000000013042010160420101900        000000000000000CIP COMPENSACAO               930                           
1040001300069T 0600249600300000286080D00000000000000000001               30042010000000000000000341002372                         090000388934750001104974588000000000097862009177388934750001300000000000000000002220000000000                 
1040001300070U 0600000000000000000000000000077600000000000000000000000000077600000000000387900000000000232700000000000000000000000000000013042010160420101900        000000000000000CIP COMPENSACAO               930                           
1040001300071T 0600249600300000286080D00000000000000000001               30042010000000000000000341002372                         090000388936570001104954588000000000097862009177388936570001300000000000000000002220000000000                 
1040001300072U 0600000000000000000000000000066700000000000000000000000000066700000000000333300000000000199900000000000000000000000000000013042010160420101900        000000000000000CIP COMPENSACAO               930                           
1040001300073T 0600249600300000286080D00000000000000000001               30042010000000000000000341002372                         090000388937310001104934588000000000097862009177388937310001300000000000000000002220000000000                 
1040001300074U 0600000000000000000000000000179600000000000000000000000000179600000000000897800000000000538600000000000000000000000000000013042010160420101900        000000000000000CIP COMPENSACAO               930                           
1040001300075T 0600249600300000286080D00000000000000000001               30042010000000000000000341002372                         090000388953550001104914588000000000097862009177388953550001300000000000000000002220000000000                 
1040001300076U 0600000000000000000000000000243600000000000000000000000000243600000000001217800000000000730600000000000000000000000000000013042010160420101900        000000000000000CIP COMPENSACAO               930                           
1040001300077T 0600249600300000286080D00000000000000000001               30042010000000000000000341002372                         090000538239770001104934588000000000097862009177538239770001300000000000000000002220000000000                 
1040001300078U 0600000000000000000000000000281000000000000000000000000000281000000000001405100000000000843100000000000000000000000000000013042010160420101900        000000000000000CIP COMPENSACAO               930                           
1040001300079T 0600249600300000286080D00000000000000000001               30042010000000000000000341002372                         090000539931500001104954588000000000097862009177539931500001300000000000000000002220000000000                 
1040001300080U 0600000000000000000000000000288000000000000000000000000000288000000000001439800000000000863800000000000000000000000000000013042010160420101900        000000000000000CIP COMPENSACAO               930                           
1040001300081T 0600249600300000286080D00000000000000000001               30042010000000000000000341002372                         090000539990250001104994588000000000097862009177539990250001300000000000000000002220000000000                 
1040001300082U 0600000000000000000000000000266500000000000000000000000000266500000000001332300000000000799300000000000000000000000000000013042010160420101900        000000000000000CIP COMPENSACAO               930                           
1040001300083T 0600249600300000286080D00000000000000000001               30042010000000000000000341002372                         090000540608680001104914588000000000097862009177540608680001300000000000000000002220000000000                 
1040001300084U 0600000000000000000000000000509800000000000000000000000000509800000000002549000000000001529400000000000000000000000000000013042010160420101900        000000000000000CIP COMPENSACAO               930                           
1040001300085T 0600249600300000286080D00000000000000000001               30042010000000000000000341002372                         090000540633260001104994588000000000097862009177540633260001300000000000000000002220000000000                 
1040001300086U 0600000000000000000000000000673200000000000000000000000000673200000000003366200000000002019800000000000000000000000000000013042010160420101900        000000000000000CIP COMPENSACAO               930                           
1040001300087T 0600249600300000286080D00000000000000000001               30042010000000000000000341002372                         090000540655600001104914588000000000097862009177540655600001300000000000000000002220000000000                 
1040001300088U 0600000000000000000000000000110200000000000000000000000000110200000000000551200000000000330800000000000000000000000000000013042010160420101900        000000000000000CIP COMPENSACAO               930                           
1040001300089T 0600249600300000286080D00000000000000000001               30042010000000000000000341002372                         090000540665920001104994588000000000097862009177540665920001300000000000000000002220000000000                 
1040001300090U 0600000000000000000000000000195100000000000000000000000000195100000000000975600000000000585400000000000000000000000000000013042010160420101900        000000000000000CIP COMPENSACAO               930                           
1040001300091T 0600249600300000286080D00000000000000000001               30042010000000000000000341007650                         090000540669150001104954588000000000097862009177540669150001300000000000000000002220000000000                 
1040001300092U 0600000000000000000000000000382200000000000000000000000000382200000000001911000000000001146600000000000000000000000000000013042010160420101900        000000000000000CIP COMPENSACAO               930                           
1040001300093T 0600249600300000286080D00000000000000000001               30042010000000000000000341002372                         090000541991790001104984588000000000097862009177541991790001300000000000000000002220000000000                 
1040001300094U 0600000000000000000000000000158700000000000000000000000000158700000000000793300000000000475900000000000000000000000000000013042010160420101900        000000000000000CIP COMPENSACAO               930                           
1040001300095T 0600249600300000286080D00000000000000000001               30042010000000000000000341002372                         090000542002820001104914588000000000097862009177542002820001300000000000000000002220000000000                 
1040001300096U 0600000000000000000000000000634500000000000000000000000000634500000000003172300000000001903300000000000000000000000000000013042010160420101900        000000000000000CIP COMPENSACAO               930                           
1040001300097T 0600249600300000286080D00000000000000000001               30042010000000000000000341002372                         090000542034500001104994588000000000097862009177542034500001300000000000000000002220000000000                 
1040001300098U 0600000000000000000000000000747400000000000000000000000000747400000000003737100000000002242300000000000000000000000000000013042010160420101900        000000000000000CIP COMPENSACAO               930                           
1040001300099T 0600249600300000286080D00000000000000000001               30042010000000000000000341002372                         090000542038980001104914588000000000097862009177542038980001300000000000000000002220000000000                 
1040001300100U 0600000000000000000000000000300400000000000000000000000000300400000000001502000000000000901200000000000000000000000000000013042010160420101900        000000000000000CIP COMPENSACAO               930                           
1040001300101T 0600249600300000286080D00000000000000000001               30042010000000000000000341002372                         090000542047480001104914588000000000097862009177542047480001300000000000000000002220000000000                 
1040001300102U 0600000000000000000000000000460000000000000000000000000000460000000000002300100000000001380100000000000000000000000000000013042010160420101900        000000000000000CIP COMPENSACAO               930                           
1040001300103T 0600249600300000286080D00000000000000000001               30042010000000000000000341002372                         090000542066930001104924588000000000097862009177542066930001300000000000000000002220000000000                 
1040001300104U 0600000000000000000000000000047500000000000000000000000000047500000000000237600000000000142600000000000000000000000000000013042010160420101900        000000000000000CIP COMPENSACAO               930                           
1040001300105T 0600249600300000286080D00000000000000000001               30042010000000000000000356009199                         090000542083190001104904588000000000097862009177542083190001300000000000000000002220000000000                 
1040001300106U 0600000000000000000000000000194600000000000000000000000000194600000000000973200000000000584000000000000000000000000000000013042010160420101900        000000000000000CIP COMPENSACAO               930                           
1040001300107T 0600249600300000286080D00000000000000000001               30042010000000000000000341002372                         090000542184090001104974588000000000097862009177542184090001300000000000000000002220000000000                 
1040001300108U 0600000000000000000000000000738100000000000000000000000000738100000000003690400000000002214200000000000000000000000000000013042010160420101900        000000000000000CIP COMPENSACAO               930                           
1040001300109T 0600249600300000286080D00000000000000000001               30042010000000000000000341002372                         090000542192090001104984588000000000097862009177542192090001300000000000000000002220000000000                 
1040001300110U 0600000000000000000000000000578600000000000000000000000000578600000000002892800000000001735600000000000000000000000000000013042010160420101900        000000000000000CIP COMPENSACAO               930                           
1040001300111T 0600249600300000286080D00000000000000000001               30042010000000000000000341002372                         090000542212960001104944588000000000097862009177542212960001300000000000000000002220000000000                 
1040001300112U 0600000000000000000000000000409600000000000000000000000000409600000000002048200000000001229000000000000000000000000000000013042010160420101900        000000000000000CIP COMPENSACAO               930                           
1040001300113T 0600249600300000286080D00000000000000000001               30042010000000000000000341002372                         090000542220050001104964588000000000097862009177542220050001300000000000000000002220000000000                 
1040001300114U 0600000000000000000000000001371700000000000000000000000001371700000000006858400000000004115000000000000000000000000000000013042010160420101900        000000000000000CIP COMPENSACAO               930                           
1040001300115T 0600249600300000286080D00000000000000000001               30042010000000000000000341002372                         090000542220470001104994588000000000097862009177542220470001300000000000000000002220000000000                 
1040001300116U 0600000000000000000000000000255600000000000000000000000000255600000000001277800000000000766600000000000000000000000000000013042010160420101900        000000000000000CIP COMPENSACAO               930                           
1040001300117T 0600249600300000286080D00000000000000000001               30042010000000000000000341002372                         090000542242250001104914588000000000097862009177542242250001300000000000000000002220000000000                 
1040001300118U 0600000000000000000000000000223100000000000000000000000000223100000000001115700000000000669500000000000000000000000000000013042010160420101900        000000000000000CIP COMPENSACAO               930                           
1040001300119T 0600249600300000286080D00000000000000000001               30042010000000000002447341002518                         090000542260630001104944588000000244797862008177542260630001110000000000000000002220000000000                 
1040001300120U 0600000000000000000000000000048900000000000000000000000000048900000000000244700000000000146900000000000000000000000000000013042010160420101900        000000000000000CIP COMPENSACAO               811                           
1040001300121T 0600249600300000286080D00000000000000000001               30042010000000000000000399003190                         090000542802010001104954588000000000097862009177542802010001300000000000000000002220000000000                 
1040001300122U 0600000000000000000000000000921200000000000000000000000000921200000000004605900000000002763500000000000000000000000000000013042010160420101900        000000000000000CIP COMPENSACAO               930                           
1040001300123T 0600249600300000286080D00000000000000000001               30042010000000000000000341002372                         090000542810680001104964588000000000097862009177542810680001300000000000000000002220000000000                 
1040001300124U 0600000000000000000000000000127900000000000000000000000000127900000000000639400000000000383600000000000000000000000000000013042010160420101900        000000000000000CIP COMPENSACAO               930                           
1040001300125T 0600249600300000286080D00000000000000000001               30042010000000000000000341002372                         090000542824700001104964588000000000097862009177542824700001300000000000000000002220000000000                 
1040001300126U 0600000000000000000000000000280600000000000000000000000000280600000000001403000000000000841800000000000000000000000000000013042010160420101900        000000000000000CIP COMPENSACAO               930                           
1040001300127T 0600249600300000286080D00000000000000000001               30042010000000000000000341002372                         090000542827690001104934588000000000097862009177542827690001300000000000000000002220000000000                 
1040001300128U 0600000000000000000000000000282100000000000000000000000000282100000000001410300000000000846100000000000000000000000000000013042010160420101900        000000000000000CIP COMPENSACAO               930                           
1040001300129T 0600249600300000286080D00000000000000000001               30042010000000000000000341002372                         090000543247690001104954588000000000097862009177543247690001300000000000000000002220000000000                 
1040001300130U 0600000000000000000000000000350200000000000000000000000000350200000000001751100000000001050700000000000000000000000000000013042010160420101900        000000000000000CIP COMPENSACAO               930                           
1040001300131T 0600249600300000286080D00000000000000000001               30042010000000000000000341002372                         090000544164330001104924588000000000097862009177544164330001300000000000000000002220000000000                 
1040001300132U 0600000000000000000000000000311600000000000000000000000000311600000000001558200000000000935000000000000000000000000000000013042010160420101900        000000000000000CIP COMPENSACAO               930                           
1040001300133T 0600249600300000286080D00000000000000000001               30042010000000000000000341002372                         090000544570980001104974588000000000097862009177544570980001300000000000000000002220000000000                 
1040001300134U 0600000000000000000000000000162200000000000000000000000000162200000000000811100000000000486700000000000000000000000000000013042010160420101900        000000000000000CIP COMPENSACAO               930                           
1040001300135T 0600249600300000286080D00000000000000000001               30042010000000000000000341002372                         090000544602090001104954588000000000097862009177544602090001300000000000000000002220000000000                 
1040001300136U 0600000000000000000000000000108000000000000000000000000000108000000000000539900000000000323900000000000000000000000000000013042010160420101900        000000000000000CIP COMPENSACAO               930                           
1040001300137T 0600249600300000286080D00000000000000000001               30042010000000000000000341002372                         090000544604490001104994588000000000097862009177544604490001300000000000000000002220000000000                 
1040001300138U 0600000000000000000000000000053500000000000000000000000000053500000000000267600000000000160600000000000000000000000000000013042010160420101900        000000000000000CIP COMPENSACAO               930                           
1040001300139T 0600249600300000286080D00000000000000000001               30042010000000000023357341015717                         090000544618010001104964588000002335797862008177544618010001110000000000000000002220000000000                 
1040001300140U 0600000000000000000000000000467100000000000000000000000000467100000000002335700000000001401500000000000000000000000000000013042010160420101900        000000000000000CIP COMPENSACAO               811                           
1040001300141T 0600249600300000286080D00000000000000000001               30042010000000000000000341002372                         090000545282520001104934588000000000097862009177545282520001300000000000000000002220000000000                 
1040001300142U 0600000000000000000000000000487500000000000000000000000000487500000000002437500000000001462500000000000000000000000000000013042010160420101900        000000000000000CIP COMPENSACAO               930                           
1040001300143T 0600249600300000286080D00000000000000000001               30042010000000000000000341002372                         090000545286580001104924588000000000097862009177545286580001300000000000000000002220000000000                 
1040001300144U 0600000000000000000000000000157200000000000000000000000000157200000000000786200000000000471800000000000000000000000000000013042010160420101900        000000000000000CIP COMPENSACAO               930                           
1040001300145T 0600249600300000286080D00000000000000000001               30042010000000000000000341002372                         090000545301910001104984588000000000097862009177545301910001300000000000000000002220000000000                 
1040001300146U 0600000000000000000000000000092200000000000000000000000000092200000000000461000000000000276600000000000000000000000000000013042010160420101900        000000000000000CIP COMPENSACAO               930                           
1040001300147T 0600249600300000286080D00000000000000000001               30042010000000000000000341003832                         090000545312490001104964588000000000097862009177545312490001300000000000000000002220000000000                 
1040001300148U 0600000000000000000000000000270600000000000000000000000000270600000000001352800000000000811600000000000000000000000000000013042010160420101900        000000000000000CIP COMPENSACAO               930                           
1040001300149T 0600249600300000286080D00000000000000000001               30042010000000000000000341002372                         090000545340450001104914588000000000097862009177545340450001300000000000000000002220000000000                 
1040001300150U 0600000000000000000000000000304300000000000000000000000000304300000000001521600000000000913000000000000000000000000000000013042010160420101900        000000000000000CIP COMPENSACAO               930                           
1040001300151T 0600249600300000286080D00000000000000000001               30042010000000000000000341001872                         090000545394810001104964588000000000097862009177545394810001300000000000000000002220000000000                 
1040001300152U 0600000000000000000000000000049000000000000000000000000000049000000000000244900000000000146900000000000000000000000000000013042010160420101900        000000000000000CIP COMPENSACAO               930                           
1040001300153T 0600249600300000286080D00000000000000000001               30042010000000000000000341002372                         090000546363600001104954588000000000097862009177546363600001300000000000000000002220000000000                 
1040001300154U 0600000000000000000000000000180200000000000000000000000000180200000000000901000000000000540600000000000000000000000000000013042010160420101900        000000000000000CIP COMPENSACAO               930                           
1040001300155T 0600249600300000286080D00000000000000000001               30042010000000000000000341002372                         090000546382750001104974588000000000097862009177546382750001300000000000000000002220000000000                 
1040001300156U 0600000000000000000000000000384700000000000000000000000000384700000000001923500000000001154100000000000000000000000000000013042010160420101900        000000000000000CIP COMPENSACAO               930                           
1040001300157T 0600249600300000286080D00000000000000000001               30042010000000000000000341002372                         090000546418240001104914588000000000097862009177546418240001300000000000000000002220000000000                 
1040001300158U 0600000000000000000000000000231000000000000000000000000000231000000000001155000000000000693000000000000000000000000000000013042010160420101900        000000000000000CIP COMPENSACAO               930                           
1040001300159T 0600249600300000286080D00000000000000000001               30042010000000000000000341002372                         090000546418650001104914588000000000097862009177546418650001300000000000000000002220000000000                 
1040001300160U 0600000000000000000000000000315600000000000000000000000000315600000000001578000000000000946800000000000000000000000000000013042010160420101900        000000000000000CIP COMPENSACAO               930                           
1040001300161T 0600249600300000286080D00000000000000000001               30042010000000000000000341002372                         090000546419490001104954588000000000097862009177546419490001300000000000000000002220000000000                 
1040001300162U 0600000000000000000000000000343200000000000000000000000000343200000000001716200000000001029800000000000000000000000000000013042010160420101900        000000000000000CIP COMPENSACAO               930                           
1040001300163T 0600249600300000286080D00000000000000000001               30042010000000000000000341002372                         090000546608810001104984588000000000097862009177546608810001300000000000000000002220000000000                 
1040001300164U 0600000000000000000000000000439000000000000000000000000000439000000000002195100000000001317100000000000000000000000000000013042010160420101900        000000000000000CIP COMPENSACAO               930                           
1040001300165T 0600249600300000286080D00000000000000000001               30042010000000000000000341002372                         090000547457990001104924588000000000097862009177547457990001300000000000000000002220000000000                 
1040001300166U 0600000000000000000000000000045000000000000000000000000000045000000000000225000000000000135000000000000000000000000000000013042010160420101900        000000000000000CIP COMPENSACAO               930                           
1040001300167T 0600249600300000286080D00000000000000000001               30042010000000000000000341002372                         090000549368690001104974588000000000097862009177549368690001300000000000000000002220000000000                 
1040001300168U 0600000000000000000000000000168100000000000000000000000000168100000000000840600000000000504400000000000000000000000000000013042010160420101900        000000000000000CIP COMPENSACAO               930                           
1040001300169T 0600249600300000286080D00000000000000000001               30042010000000000000000341002372                         090000549375110001104994588000000000097862009177549375110001300000000000000000002220000000000                 
1040001300170U 0600000000000000000000000000253600000000000000000000000000253600000000001268000000000000760800000000000000000000000000000013042010160420101900        000000000000000CIP COMPENSACAO               930                           
1040001300171T 0600249600300000286080D00000000000000000001               30042010000000000000000341002372                         090000552203470001104934588000000000097862009177552203470001300000000000000000002220000000000                 
1040001300172U 0600000000000000000000000000223200000000000000000000000000223200000000001116100000000000669700000000000000000000000000000013042010160420101900        000000000000000CIP COMPENSACAO               930                           
1040001300173T 0600249600300000286080D00000000000000000001               30042010000000000000000356007595                         090000552332250001104904588000000000097862009177552332250001300000000000000000002220000000000                 
1040001300174U 0600000000000000000000000000291300000000000000000000000000291300000000001456400000000000873800000000000000000000000000000013042010160420101900        000000000000000CIP COMPENSACAO               930                           
1040001300175T 0600249600300000286080D00000000000000000001               30042010000000000000000341002372                         090000554410000001104934588000000000097862009177554410000001300000000000000000002220000000000                 
1040001300176U 0600000000000000000000000000365800000000000000000000000000365800000000001829000000000001097400000000000000000000000000000013042010160420101900        000000000000000CIP COMPENSACAO               930                           
1040001300177T 0600249600300000286080D00000000000000000001               30042010000000000000000341000361                         090000554418100001104914588000000000097862009177554418100001300000000000000000002220000000000                 
1040001300178U 0600000000000000000000000000049100000000000000000000000000049100000000000245300000000000147100000000000000000000000000000013042010160420101900        000000000000000CIP COMPENSACAO               930                           
1040001300179T 0600249600300000286080D00000000000000000001               30042010000000000000000341002372                         090000555178330001104924588000000000097862009177555178330001300000000000000000002220000000000                 
1040001300180U 0600000000000000000000000000112200000000000000000000000000112200000000000561200000000000336800000000000000000000000000000013042010160420101900        000000000000000CIP COMPENSACAO               930                           
1040001300181T 0600249600300000286080D00000000000000000001               30042010000000000000000341002372                         090000557042660001104914588000000000097862009177557042660001300000000000000000002220000000000                 
1040001300182U 0600000000000000000000000000065200000000000000000000000000065200000000000325800000000000195400000000000000000000000000000013042010160420101900        000000000000000CIP COMPENSACAO               930                           
1040001300183T 0600249600300000286080D00000000000000000001               30042010000000000000000341002372                         090000558060200001104914588000000000097862009177558060200001300000000000000000002220000000000                 
1040001300184U 0600000000000000000000000000105700000000000000000000000000105700000000000528400000000000317000000000000000000000000000000013042010160420101900        000000000000000CIP COMPENSACAO               930                           
1040001300185T 0600249600300000286080D00000000000000000001               30042010000000000000000341002372                         090000560946590001104924588000000000097862009177560946590001300000000000000000002220000000000                 
1040001300186U 0600000000000000000000000000283800000000000000000000000000283800000000001419200000000000851600000000000000000000000000000013042010160420101900        000000000000000CIP COMPENSACAO               930                           
1040001300187T 0600249600300000286080D00000000000000000001               30042010000000000000000341001708                         090000567677670001104984588000000000097862009177567677670001300000000000000000002220000000000                 
1040001300188U 0600000000000000000000000000590600000000000000000000000000590600000000002953000000000001771800000000000000000000000000000013042010160420101900        000000000000000CIP COMPENSACAO               930                           
1040001300189T 0600249600300000286080D00000000000000000001               30042010000000000000000341002372                         090000568182710001104934588000000000097862009177568182710001300000000000000000002220000000000                 
1040001300190U 0600000000000000000000000000402900000000000000000000000000402900000000002014300000000001208500000000000000000000000000000013042010160420101900        000000000000000CIP COMPENSACAO               930                           
1040001300191T 0600249600300000286080D00000000000000000001               30042010000000000000000341002372                         090000568235290001104914588000000000097862009177568235290001300000000000000000002220000000000                 
1040001300192U 0600000000000000000000000000414000000000000000000000000000414000000000002069900000000001241900000000000000000000000000000013042010160420101900        000000000000000CIP COMPENSACAO               930                           
1040001300193T 0600249600300000286080D00000000000000000001               30042010000000000000000341002372                         090000570030630001104994588000000000097862009177570030630001300000000000000000002220000000000                 
1040001300194U 0600000000000000000000000000184200000000000000000000000000184200000000000921200000000000552800000000000000000000000000000013042010160420101900        000000000000000CIP COMPENSACAO               930                           
1040001300195T 0600249600300000286080D00000000000000000001               30042010000000000000000237005487                         090000572764790001104974588000000000097862009177572764790001300000000000000000002220000000000                 
1040001300196U 0600000000000000000000000000062200000000000000000000000000062200000000000311000000000000186600000000000000000000000000000013042010160420101900        000000000000000CIP COMPENSACAO               930                           
1040001300197T 0600249600300000286080D00000000000000000001               30042010000000000000000237001198                         090000572776590001104974588000000000097862009177572776590001300000000000000000002220000000000                 
1040001300198U 0600000000000000000000000000083200000000000000000000000000083200000000000416000000000000249600000000000000000000000000000013042010160420101900        000000000000000CIP COMPENSACAO               930                           
1040001300199T 0600249600300000286080D00000000000000000001               30042010000000000000000341002372                         090000577479330001104914588000000000097862009177577479330001300000000000000000002220000000000                 
1040001300200U 0600000000000000000000000000453900000000000000000000000000453900000000002269700000000001361900000000000000000000000000000013042010160420101900        000000000000000CIP COMPENSACAO               930                           
1040001300201T 0600249600300000286080D00000000000000000001               30042010000000000000000341002372                         090000578143940001104994588000000000097862009177578143940001300000000000000000002220000000000                 
1040001300202U 0600000000000000000000000000400400000000000000000000000000400400000000002002100000000001201300000000000000000000000000000013042010160420101900        000000000000000CIP COMPENSACAO               930                           
1040001300203T 0600249600300000286080D00000000000000000001               30042010000000000000000341002372                         090000578660890001104924588000000000097862009177578660890001300000000000000000002220000000000                 
1040001300204U 0600000000000000000000000000065200000000000000000000000000065200000000000326200000000000195800000000000000000000000000000013042010160420101900        000000000000000CIP COMPENSACAO               930                           
1040001300205T 0600249600300000286080D00000000000000000001               30042010000000000002167237028924                         090000589192340001104914588000000216797862009177589192340001490000000000000000002220000000000                 
1040001300206U 0600000000000000000000000000043300000000000000000000000000043300000000000216700000000000130100000000000000000000000000000013042010160420101900        000000000000000CIP COMPENSACAO               949                           
1040001300207T 0600249600300000286080D00000000000000000001               30042010000000000000000341002372                         090000590927910001104954588000000000097862009177590927910001300000000000000000002220000000000                 
1040001300208U 0600000000000000000000000000560400000000000000000000000000560400000000002801900000000001681100000000000000000000000000000013042010160420101900        000000000000000CIP COMPENSACAO               930                           
1040001300209T 0600249600300000286080D00000000000000000001               30042010000000000000000341000574                         090000591784910001104974588000000000097862009177591784910001300000000000000000002220000000000                 
1040001300210U 0600000000000000000000000000082700000000000000000000000000082700000000000413500000000000248100000000000000000000000000000013042010160420101900        000000000000000CIP COMPENSACAO               930                           
1040001300211T 0600249600300000286080D00000000000000000001               30042010000000000000000341002372                         090000592791900001104924588000000000097862009177592791900001300000000000000000002220000000000                 
1040001300212U 0600000000000000000000000000256300000000000000000000000000256300000000001281600000000000769000000000000000000000000000000013042010160420101900        000000000000000CIP COMPENSACAO               930                           
1040001300213T 0600249600300000286080D00000000000000000001               30042010000000000000000341002372                         090000598287070001104984588000000000097862009177598287070001300000000000000000002220000000000                 
1040001300214U 0600000000000000000000000000381000000000000000000000000000381000000000001905000000000001143000000000000000000000000000000013042010160420101900        000000000000000CIP COMPENSACAO               930                           
1040001300215T 0600249600300000286080D00000000000000000001               30042010000000000000000409073512                         090000599456750001104934588000000000097862009177599456750001300000000000000000002220000000000                 
1040001300216U 0600000000000000000000000000253600000000000000000000000000253600000000001267900000000000760700000000000000000000000000000013042010160420101900        000000000000000CIP COMPENSACAO               930                           
1040001300217T 0600249600300000286080D00000000000000000001               30042010000000000000000341002372                         090000605238180001104914588000000000097862009177605238180001300000000000000000002220000000000                 
1040001300218U 0600000000000000000000000000443300000000000000000000000000443300000000002216500000000001329900000000000000000000000000000013042010160420101900        000000000000000CIP COMPENSACAO               930                           
1040001300219T 0600249600300000286080D00000000000000000001               30042010000000000000000341002372                         090000605255990001104984588000000000097862009177605255990001300000000000000000002220000000000                 
1040001300220U 0600000000000000000000000000497100000000000000000000000000497100000000002485600000000001491400000000000000000000000000000013042010160420101900        000000000000000CIP COMPENSACAO               930                           
1040001300221T 0600249600300000286080D00000000000000000001               30042010000000000000000341002372                         090000605328920001104984588000000000097862009177605328920001300000000000000000002220000000000                 
1040001300222U 0600000000000000000000000000285400000000000000000000000000285400000000001427200000000000856400000000000000000000000000000013042010160420101900        000000000000000CIP COMPENSACAO               930                           
1040001300223T 0600249600300000286080D00000000000000000001               30042010000000000000000341002372                         090000605375860001104994588000000000097862009177605375860001300000000000000000002220000000000                 
1040001300224U 0600000000000000000000000000092000000000000000000000000000092000000000000460000000000000276000000000000000000000000000000013042010160420101900        000000000000000CIP COMPENSACAO               930                           
1040001300225T 0600249600300000286080D00000000000000000001               30042010000000000000000341002372                         090000611824320001104994588000000000097862009177611824320001300000000000000000002220000000000                 
1040001300226U 0600000000000000000000000000511500000000000000000000000000511500000000002557500000000001534500000000000000000000000000000013042010160420101900        000000000000000CIP COMPENSACAO               930                           
1040001300227T 0600249600300000286080D00000000000000000001               30042010000000000000000341002372                         090000611897750001104914588000000000097862009177611897750001300000000000000000002220000000000                 
1040001300228U 0600000000000000000000000000372800000000000000000000000000372800000000001864000000000001118400000000000000000000000000000013042010160420101900        000000000000000CIP COMPENSACAO               930                           
1040001300229T 0600249600300000286080D00000000000000000001               30042010000000000000000341002518                         090000613650940001104924588000000000097862009177613650940001300000000000000000002220000000000                 
1040001300230U 0600000000000000000000000000277900000000000000000000000000277900000000001389500000000000833700000000000000000000000000000013042010160420101900        000000000000000CIP COMPENSACAO               930                           
1040001300231T 0600249600300000286080D00000000000000000001               30042010000000000000000237001368                         090000618421670001104964588000000000097862009177618421670001300000000000000000002220000000000                 
1040001300232U 0600000000000000000000000000051100000000000000000000000000051100000000000255600000000000153400000000000000000000000000000013042010160420101900        000000000000000CIP COMPENSACAO               930                           
1040001300233T 0600249600300000286080D00000000000000000001               30042010000000000000000341002372                         090000618631060001104924588000000000097862009177618631060001300000000000000000002220000000000                 
1040001300234U 0600000000000000000000000000085100000000000000000000000000085100000000000425600000000000255400000000000000000000000000000013042010160420101900        000000000000000CIP COMPENSACAO               930                           
1040001300235T 0600249600300000286080D00000000000000000001               30042010000000000000000341002372                         090000620239730001104984588000000000097862009177620239730001300000000000000000002220000000000                 
1040001300236U 0600000000000000000000000000432300000000000000000000000000432300000000002161700000000001297100000000000000000000000000000013042010160420101900        000000000000000CIP COMPENSACAO               930                           
1040001300237T 0600249600300000286080D00000000000000000001               30042010000000000000000341002372                         090000620335760001104914588000000000097862009177620335760001300000000000000000002220000000000                 
1040001300238U 0600000000000000000000000000235900000000000000000000000000235900000000001179600000000000707800000000000000000000000000000013042010160420101900        000000000000000CIP COMPENSACAO               930                           
1040001300239T 0600249600300000286080D00000000000000000001               30042010000000000000000341002372                         090000620336000001104994588000000000097862009177620336000001300000000000000000002220000000000                 
1040001300240U 0600000000000000000000000000271200000000000000000000000000271200000000001355900000000000813500000000000000000000000000000013042010160420101900        000000000000000CIP COMPENSACAO               930                           
1040001300241T 0600249600300000286080D00000000000000000001               30042010000000000000000341002372                         090000622640560001104924588000000000097862009177622640560001300000000000000000002220000000000                 
1040001300242U 0600000000000000000000000000336400000000000000000000000000336400000000001682100000000001009300000000000000000000000000000013042010160420101900        000000000000000CIP COMPENSACAO               930                           
1040001300243T 0600249600300000286080D00000000000000000001               30042010000000000000000341055859                         090000622747740001104944588000000000097862009177622747740001300000000000000000002220000000000                 
1040001300244U 0600000000000000000000000000147700000000000000000000000000147700000000000738700000000000443300000000000000000000000000000013042010160420101900        000000000000000CIP COMPENSACAO               930                           
1040001300245T 0600249600300000286080D00000000000000000001               30042010000000000000000341002372                         090000624464060001104994588000000000097862009177624464060001300000000000000000002220000000000                 
1040001300246U 0600000000000000000000000000685700000000000000000000000000685700000000003428600000000002057200000000000000000000000000000013042010160420101900        000000000000000CIP COMPENSACAO               930                           
1040001300247T 0600249600300000286080D00000000000000000001               30042010000000000000000341002372                         090000624489980001104964588000000000097862009177624489980001300000000000000000002220000000000                 
1040001300248U 0600000000000000000000000000118500000000000000000000000000118500000000000592700000000000355700000000000000000000000000000013042010160420101900        000000000000000CIP COMPENSACAO               930                           
1040001300249T 0600249600300000286080D00000000000000000001               30042010000000000000000341002372                         090000624512810001104934588000000000097862009177624512810001300000000000000000002220000000000                 
1040001300250U 0600000000000000000000000000192000000000000000000000000000192000000000000960000000000000576000000000000000000000000000000013042010160420101900        000000000000000CIP COMPENSACAO               930                           
1040001300251T 0600249600300000286080D00000000000000000001               30042010000000000000000341002372                         090000625696370001104934588000000000097862009177625696370001300000000000000000002220000000000                 
1040001300252U 0600000000000000000000000000197300000000000000000000000000197300000000000986600000000000592000000000000000000000000000000013042010160420101900        000000000000000CIP COMPENSACAO               930                           
1040001300253T 0600249600300000286080D00000000000000000001               30042010000000000000000341002372                         090000625726150001104914588000000000097862009177625726150001300000000000000000002220000000000                 
1040001300254U 0600000000000000000000000000189200000000000000000000000000189200000000000946000000000000567600000000000000000000000000000013042010160420101900        000000000000000CIP COMPENSACAO               930                           
1040001300255T 0600249600300000286080D00000000000000000001               30042010000000000000000341002372                         090000625742980001104944588000000000097862009177625742980001300000000000000000002220000000000                 
1040001300256U 0600000000000000000000000000110200000000000000000000000000110200000000000551200000000000330800000000000000000000000000000013042010160420101900        000000000000000CIP COMPENSACAO               930                           
1040001300257T 0600249600300000286080D00000000000000000001               30042010000000000000000341002372                         090000640151340001104954588000000000097862009177640151340001300000000000000000002220000000000                 
1040001300258U 0600000000000000000000000000159700000000000000000000000000159700000000000798600000000000479200000000000000000000000000000013042010160420101900        000000000000000CIP COMPENSACAO               930                           
1040001300259T 0600249600300000286080D00000000000000000001               30042010000000000000000341002372                         090000640458750001104914588000000000097862009177640458750001300000000000000000002220000000000                 
1040001300260U 0600000000000000000000000000238500000000000000000000000000238500000000001192400000000000715400000000000000000000000000000013042010160420101900        000000000000000CIP COMPENSACAO               930                           
1040001300261T 0600249600300000286080D00000000000000000001               30042010000000000000000341002372                         090000641628780001104964588000000000097862009177641628780001300000000000000000002220000000000                 
1040001300262U 0600000000000000000000000000195500000000000000000000000000195500000000000977300000000000586300000000000000000000000000000013042010160420101900        000000000000000CIP COMPENSACAO               930                           
1040001300263T 0600249600300000286080D00000000000000000001               30042010000000000000000341002372                         090000641807300001104974588000000000097862009177641807300001300000000000000000002220000000000                 
1040001300264U 0600000000000000000000000000229800000000000000000000000000229800000000001148800000000000689200000000000000000000000000000013042010160420101900        000000000000000CIP COMPENSACAO               930                           
1040001300265T 0600249600300000286080D00000000000000000001               30042010000000000000000341002372                         090000641811420001104924588000000000097862009177641811420001300000000000000000002220000000000                 
1040001300266U 0600000000000000000000000000347000000000000000000000000000347000000000001735200000000001041200000000000000000000000000000013042010160420101900        000000000000000CIP COMPENSACAO               930                           
1040001300267T 0600249600300000286080D00000000000000000001               30042010000000000000000341002372                         090000641815220001104914588000000000097862009177641815220001300000000000000000002220000000000                 
1040001300268U 0600000000000000000000000000411800000000000000000000000000411800000000002059100000000001235500000000000000000000000000000013042010160420101900        000000000000000CIP COMPENSACAO               930                           
1040001300269T 0600249600300000286080D00000000000000000001               30042010000000000000000341002372                         090000641827020001104914588000000000097862009177641827020001300000000000000000002220000000000                 
1040001300270U 0600000000000000000000000000059800000000000000000000000000059800000000000299200000000000179600000000000000000000000000000013042010160420101900        000000000000000CIP COMPENSACAO               930                           
1040001300271T 0600249600300000286080D00000000000000000001               30042010000000000000000341002372                         090000641876360001104964588000000000097862009177641876360001300000000000000000002220000000000                 
1040001300272U 0600000000000000000000000000281600000000000000000000000000281600000000001407800000000000844600000000000000000000000000000013042010160420101900        000000000000000CIP COMPENSACAO               930                           
1040001300273T 0600249600300000286080D00000000000000000001               30042010000000000000000341002372                         090000649206710001104944588000000000097862009177649206710001300000000000000000002220000000000                 
1040001300274U 0600000000000000000000000000261400000000000000000000000000261400000000001307200000000000784400000000000000000000000000000013042010160420101900        000000000000000CIP COMPENSACAO               930                           
1040001300275T 0600249600300000286080D00000000000000000001               30042010000000000000000341002372                         090000650804000001104964588000000000097862009177650804000001300000000000000000002220000000000                 
1040001300276U 0600000000000000000000000000124600000000000000000000000000124600000000000623000000000000373800000000000000000000000000000013042010160420101900        000000000000000CIP COMPENSACAO               930                           
1040001300277T 0600249600300000286080D00000000000000000001               30042010000000000000000341002372                         090000655285560001104974588000000000097862009177655285560001300000000000000000002220000000000                 
1040001300278U 0600000000000000000000000000366000000000000000000000000000366000000000001830000000000001098000000000000000000000000000000013042010160420101900        000000000000000CIP COMPENSACAO               930                           
1040001300279T 0600249600300000286080D00000000000000000001               30042010000000000000000341000272                         090000657188190001104974588000000000097862009177657188190001300000000000000000002220000000000                 
1040001300280U 0600000000000000000000000000171500000000000000000000000000171500000000000857300000000000514300000000000000000000000000000013042010160420101900        000000000000000CIP COMPENSACAO               930                           
1040001300281T 0600249600300000286080D00000000000000000001               30042010000000000000000341002372                         090000668665830001104964588000000000097862009177668665830001300000000000000000002220000000000                 
1040001300282U 0600000000000000000000000000340500000000000000000000000000340500000000001702700000000001021700000000000000000000000000000013042010160420101900        000000000000000CIP COMPENSACAO               930                           
1040001300283T 0600249600300000286080D00000000000000000001               30042010000000000000000341002372                         090000670060560001104914588000000000097862009177670060560001300000000000000000002220000000000                 
1040001300284U 0600000000000000000000000000060400000000000000000000000000060400000000000302000000000000181200000000000000000000000000000013042010160420101900        000000000000000CIP COMPENSACAO               930                           
1040001300285T 0600249600300000286080D00000000000000000001               30042010000000000000000341007650                         090000671299730001104914588000000000097862009177671299730001300000000000000000002220000000000                 
1040001300286U 0600000000000000000000000000086300000000000000000000000000086300000000000431300000000000258700000000000000000000000000000013042010160420101900        000000000000000CIP COMPENSACAO               930                           
1040001300287T 0600249600300000286080D00000000000000000001               30042010000000000000000399004057                         090000671860490001104934588000000000097862009177671860490001300000000000000000002220000000000                 
1040001300288U 0600000000000000000000000000283100000000000000000000000000283100000000001415600000000000849400000000000000000000000000000013042010160420101900        000000000000000CIP COMPENSACAO               930                           
1040001300289T 0600249600300000286080D00000000000000000001               30042010000000000000000341002372                         090000680284060001104964588000000000097862009177680284060001300000000000000000002220000000000                 
1040001300290U 0600000000000000000000000000249200000000000000000000000000249200000000001246200000000000747800000000000000000000000000000013042010160420101900        000000000000000CIP COMPENSACAO               930                           
1040001300291T 0600249600300000286080D00000000000000000001               30042010000000000000000341002372                         090000684844840001104964588000000000097862009177684844840001300000000000000000002220000000000                 
1040001300292U 0600000000000000000000000000438100000000000000000000000000438100000000002190500000000001314300000000000000000000000000000013042010160420101900        000000000000000CIP COMPENSACAO               930                           
1040001300293T 0600249600300000286080D00000000000000000001               30042010000000000000000341002372                         090000684846580001104984588000000000097862009177684846580001300000000000000000002220000000000                 
1040001300294U 0600000000000000000000000000269300000000000000000000000000269300000000001346600000000000808000000000000000000000000000000013042010160420101900        000000000000000CIP COMPENSACAO               930                           
1040001300295T 0600249600300000286080D00000000000000000001               30042010000000000000000341002372                         090000691000480001104954588000000000097862009177691000480001300000000000000000002220000000000                 
1040001300296U 0600000000000000000000000000237400000000000000000000000000237400000000001187000000000000712200000000000000000000000000000013042010160420101900        000000000000000CIP COMPENSACAO               930                           
1040001300297T 0600249600300000286080D00000000000000000001               30042010000000000000000341001520                         090000691067060001104934588000000000097862009177691067060001300000000000000000002220000000000                 
1040001300298U 0600000000000000000000000000390500000000000000000000000000390500000000001952300000000001171300000000000000000000000000000013042010160420101900        000000000000000CIP COMPENSACAO               930                           
1040001300299T 0600249600300000286080D00000000000000000001               30042010000000000000000341031712                         090000692711200001104954588000000000097862009177692711200001300000000000000000002220000000000                 
1040001300300U 0600000000000000000000000000378200000000000000000000000000378200000000001891000000000001134600000000000000000000000000000013042010160420101900        000000000000000CIP COMPENSACAO               930                           
1040001300301T 0600249600300000286080D00000000000000000001               30042010000000000000000341002372                         090000717179040001104984588000000000097862009177717179040001300000000000000000002220000000000                 
1040001300302U 0600000000000000000000000000091400000000000000000000000000091400000000000457000000000000274200000000000000000000000000000013042010160420101900        000000000000000CIP COMPENSACAO               930                           
1040001300303T 0600249600300000286080D00000000000000000001               30042010000000000000000341083313                         090000717407810001104964588000000000097862009177717407810001300000000000000000002220000000000                 
1040001300304U 0600000000000000000000000000098700000000000000000000000000098700000000000493300000000000295900000000000000000000000000000013042010160420101900        000000000000000CIP COMPENSACAO               930                           
1040001300305T 0600249600300000286080D00000000000000000001               30042010000000000000000341002372                         090000719291520001104984588000000000097862009177719291520001300000000000000000002220000000000                 
1040001300306U 0600000000000000000000000000501300000000000000000000000000501300000000002506400000000001503800000000000000000000000000000013042010160420101900        000000000000000CIP COMPENSACAO               930                           
1040001300307T 0600249600300000286080D00000000000000000001               30042010000000000000000341002372                         090000962940610001104994588000000000097862009177962940610001300000000000000000002220000000000                 
1040001300308U 0600000000000000000000000000047300000000000000000000000000047300000000000236600000000000142000000000000000000000000000000013042010160420101900        000000000000000CIP COMPENSACAO               930                           
1040001300309T 0600249600300000286080D00000000000000000001               30042010000000000000000341002372                         090000964755870001104954588000000000097862009177964755870001300000000000000000002220000000000                 
1040001300310U 0600000000000000000000000000045000000000000000000000000000045000000000000225000000000000135000000000000000000000000000000013042010160420101900        000000000000000CIP COMPENSACAO               930                           
1040001300311T 0600249600300000286080D00000000000000000001               30042010000000000000000104002852                         090000002190112573104964588000000000097862009177002190112573300000000000000000000430000000000                 
1040001300312U 06000000000000000000000000002347000000000000000000000000002347000000000011737000000000007043000000000000000000000000000000140420101604201012I0        000000000000000INTERNET                      930                           
1040001300313T 0600249600300000286080D00000000000000000001               30042010000000000002245104031089                         090000049390950001104984588000000224597862008177049390950001110000000000000000001090000000000                 
1040001300314U 0600000000000000000000000000044900000000000000000000000000044900000000000224500000000000134700000000000000000000000000000014042010160420101700        000000000000000LOTERICOS SISPL               811                           
1040001300315T 0600249600300000286080D00000000000000000001               30042010000000000000000104040711                         090000072803850001104944588000000000097862009177072803850001300000000000000000000430000000000                 
1040001300316U 06000000000000000000000000001389000000000000000000000000001389000000000006947000000000004169000000000000000000000000000000140420101604201012I0        000000000000000INTERNET                      930                           
1040001300317T 0600249600300000286080D00000000000000000001               30042010000000000022199104013609                         090000093497530001104914588000002219997862008177093497530001110000000000000000002180000000000                 
1040001300318U 0600000000000000000000000000444000000000000000000000000000444000000000002219900000000001331900000000000000000000000000000014042010160420101100        000000000000000AUTOMACAO                     811                           
10400015         00031800000000000000000000000000000000000000000000000000000000000000000000000000000000000001251639                           00000000000000000000000000000                                                                     
10499999         000001000322000000000              00000 000000000000                                                                        00000000000000000000000000000                                                                     
