10400000         243070481000114186200              00249600300000286080SINEMPEDIFPORTCAB MUN SP      CAIXA ECONOMICA FEDERAL                 20504201003363000124006000000                                                                     
10400011T01  030 2043070481000114186200              00249600300000286080SINEMPEDIFPORTCAB MUN SP      200501                                  000000                                  000000000504201000000000                                 
1040001300001T 0600249600300000286080D00000000000000000001               30042010000000000000000237001317                         090000002190206050104974588000000000097862009177002190206050300000000000000000002220000000000                 
1040001300002U 0600000000000000000000000000327100000000000000000000000000327100000000001635700000000000981500000000000000000000000000000030032010050420101900        000000000000000CIP COMPENSACAO               930                           
1040001300003T 0600249600300000286080D00000000000000000001               30042010000000000000000237023817                         090000002190214632104914588000000000097862009177002190214632300000000000000000002220000000000                 
1040001300004U 0600000000000000000000000000443900000000000000000000000000443900000000002219700000000001331900000000000000000000000000000030032010050420101900        000000000000000CIP COMPENSACAO               930                           
1040001300005T 0600249600300000286080D00000000000000000001               30042010000000000000000237023817                         090000002190219229104914588000000000097862009177002190219229300000000000000000002220000000000                 
1040001300006U 0600000000000000000000000001124600000000000000000000000001124600000000005623200000000003374000000000000000000000000000000030032010050420101900        000000000000000CIP COMPENSACAO               930                           
1040001300007T 0600249600300000286080D00000000000000000001               30042010000000000000000237023817                         090000002190315959104964588000000000097862009177002190315959300000000000000000002220000000000                 
1040001300008U 0600000000000000000000000000075500000000000000000000000000075500000000000377700000000000226700000000000000000000000000000030032010050420101900        000000000000000CIP COMPENSACAO               930                           
1040001300009T 0600249600300000286080D00000000000000000001               30042010000000000000000237030570                         090000002190321878104944588000000000097862009177002190321878300000000000000000002220000000000                 
1040001300010U 0600000000000000000000000000044900000000000000000000000000044900000000000224500000000000134700000000000000000000000000000030032010050420101900        000000000000000CIP COMPENSACAO               930                           
1040001300011T 0600249600300000286080D00000000000000000001               30042010000000000000000399004057                         090000003588680001104924588000000000097862009177003588680001300000000000000000002220000000000                 
1040001300012U 0600000000000000000000000000623100000000000000000000000000623100000000003115700000000001869500000000000000000000000000000030032010050420101900        000000000000000CIP COMPENSACAO               930                           
1040001300013T 0600249600300000286080D00000000000000000001               30042010000000000000000399003336                         090000003795910001104944588000000000097862009177003795910001300000000000000000002220000000000                 
1040001300014U 0600000000000000000000000000195100000000000000000000000000195100000000000975700000000000585500000000000000000000000000000030032010050420101900        000000000000000CIP COMPENSACAO               930                           
1040001300015T 0600249600300000286080D00000000000000000001               30042010000000000002245341071307                         090000003962970001104914588000000224597862009177003962970001430000000000000000002220000000000                 
1040001300016U 0600000000000000000000000000044900000000000000000000000000044900000000000224500000000000134700000000000000000000000000000030032010050420101900        000000000000000CIP COMPENSACAO               943                           
1040001300017T 0600249600300000286080D00000000000000000001               30042010000000000010110356001961                         090000025250430001104904588000001011097862008177025250430001110000000000000000002220000000000                 
1040001300018U 0600000000000000000000000000202200000000000000000000000000202200000000001011000000000000606600000000000000000000000000000030032010050420101900        000000000000000CIP COMPENSACAO               811                           
1040001300019T 0600249600300000286080D00000000000000000001               30042010000000000002449341030937                         090000072115780001104964588000000244997862008177072115780001120000000000000000002220000000000                 
1040001300020U 0600000000000000000000000000049000000000000000000000000000049000000000000244900000000000146900000000000000000000000000000030032010050420101900        000000000000000CIP COMPENSACAO               812                           
1040001300021T 0600249600300000286080D00000000000000000001               30042010000000000000000341030368                         090000088237300001104954588000000000097862009177088237300001300000000000000000002220000000000                 
1040001300022U 0600000000000000000000000000044900000000000000000000000000044900000000000224600000000000134800000000000000000000000000000030032010050420101900        000000000000000CIP COMPENSACAO               930                           
1040001300023T 0600249600300000286080D00000000000000000001               30042010000000000000000356004090                         090000476786510001104904588000000000097862009177476786510001300000000000000000002220000000000                 
1040001300024U 0600000000000000000000000000451000000000000000000000000000451000000000002255200000000001353200000000000000000000000000000030032010050420101900        000000000000000CIP COMPENSACAO               930                           
1040001300025T 0600249600300000286080D00000000000000000001               30042010000000000002245237004227                         090000540671940001104974588000000224597862008177540671940001110000000000000000002220000000000                 
1040001300026U 0600000000000000000000000000044900000000000000000000000000044900000000000224500000000000134700000000000000000000000000000030032010050420101900        000000000000000CIP COMPENSACAO               811                           
1040001300027T 0600249600300000286080D00000000000000000001               30042010000000000002919341002100                         090000540672850001104924588000000291997862008177540672850001120000000000000000002220000000000                 
1040001300028U 0600000000000000000000000000058400000000000000000000000000058400000000000291900000000000175100000000000000000000000000000030032010050420101900        000000000000000CIP COMPENSACAO               812                           
1040001300029T 0600249600300000286080D00000000000000000001               30042010000000000000000341001961                         090000542081290001104914588000000000097862009177542081290001300000000000000000002220000000000                 
1040001300030U 0600000000000000000000000000573100000000000000000000000000573100000000002865300000000001719100000000000000000000000000000030032010050420101900        000000000000000CIP COMPENSACAO               930                           
1040001300031T 0600249600300000286080D00000000000000000001               30042010000000000000000356003719                         090000543681620001104904588000000000097862009177543681620001300000000000000000002220000000000                 
1040001300032U 0600000000000000000000000000467700000000000000000000000000467700000000002338600000000001403200000000000000000000000000000030032010050420101900        000000000000000CIP COMPENSACAO               930                           
1040001300033T 0600249600300000286080D00000000000000000001               30042010000000000015741399003514                         090000545278330001104914588000001574197862008177545278330001290000000000000000002220000000000                 
1040001300034U 0600000000000000000000000000314800000000000000000000000000314800000000001574100000000000944500000000000000000000000000000030032010050420101900        000000000000000CIP COMPENSACAO               829                           
1040001300035T 0600249600300000286080D00000000000000000001               30042010000000000000000341008850                         090000552256760001104974588000000000097862009177552256760001300000000000000000002220000000000                 
1040001300036U 0600000000000000000000000000315600000000000000000000000000315600000000001578000000000000946800000000000000000000000000000030032010050420101900        000000000000000CIP COMPENSACAO               930                           
1040001300037T 0600249600300000286080D00000000000000000001               30042010000000000004694341002100                         090000553619920001104984588000000469497862008177553619920001120000000000000000002220000000000                 
1040001300038U 0600000000000000000000000000093900000000000000000000000000093900000000000469400000000000281600000000000000000000000000000030032010050420101900        000000000000000CIP COMPENSACAO               812                           
1040001300039T 0600249600300000286080D00000000000000000001               30042010000000000005367341002100                         090000584936850001104934588000000536797862008177584936850001120000000000000000002220000000000                 
1040001300040U 0600000000000000000000000000107300000000000000000000000000107300000000000536700000000000322100000000000000000000000000000030032010050420101900        000000000000000CIP COMPENSACAO               812                           
1040001300041T 0600249600300000286080D00000000000000000001               30042010000000000006029341001775                         090000609011540001104964588000000602997862008177609011540001110000000000000000002220000000000                 
1040001300042U 0600000000000000000000000000120600000000000000000000000000120600000000000602900000000000361700000000000000000000000000000030032010050420101900        000000000000000CIP COMPENSACAO               811                           
1040001300043T 0600249600300000286080D00000000000000000001               30042010000000000000000237025003                         090000620268930001104954588000000000097862009177620268930001300000000000000000002220000000000                 
1040001300044U 0600000000000000000000000001114400000000000000000000000001114400000000005572200000000003343400000000000000000000000000000030032010050420101900        000000000000000CIP COMPENSACAO               930                           
1040001300045T 0600249600300000286080D00000000000000000001               30042010000000000000000237008249                         090000658857410001104914588000000000097862009177658857410001300000000000000000002220000000000                 
1040001300046U 0600000000000000000000000000042400000000000000000000000000042400000000000211900000000000127100000000000000000000000000000030032010050420101900        000000000000000CIP COMPENSACAO               930                           
1040001300047T 0600249600300000286080D00000000000000000001               31032010000000000000000341001902                         090000665101810001104924558000000000097862009177665101810001300000000000000000002220000000000                 
1040001300048U 0600000000000000000000000000139900000000000000000000000000139900000000000699300000000000419500000000000000000000000000000030032010050420101900        000000000000000CIP COMPENSACAO               930                           
1040001300049T 0600249600300000286080D00000000000000000001               30042010000000000002728341010006                         090000717259800001104964588000000272897862008177717259800001120000000000000000002220000000000                 
1040001300050U 0600000000000000000000000000054600000000000000000000000000054600000000000272800000000000163600000000000000000000000000000030032010050420101900        000000000000000CIP COMPENSACAO               812                           
1040001300051T 0600249600300000286080D00000000000000000001               30032010000000000005000356017540                         090000796160200015104904557000000500097862008177796160200015110000000000000000002220000000000                 
1040001300052U 0600000000000000000000000000100000000000000000000000000000100000000000000500000000000000300000000000000000000000000000000030032010050420101900        000000000000000CIP COMPENSACAO               811                           
1040001300053T 0600249600300000286080D00000000000000000001               30042010000000000000000341003492                         090000964814110001104954588000000000097862009177964814110001300000000000000000002220000000000                 
1040001300054U 0600000000000000000000000000328000000000000000000000000000328000000000001640000000000000984000000000000000000000000000000030032010050420101900        000000000000000CIP COMPENSACAO               930                           
1040001300055T 0600249600300000286080D00000000000000000001               30042010000000000000663104002755                         090000001568150001104994588000000066397862008177001568150001110000000000000000002180000000000                 
1040001300056U 0600000000000000000000000000013300000000000000000000000000013300000000000066300000000000039700000000000000000000000000000031032010050420101100        000000000000000AUTOMACAO                     811                           
1040001300057T 0600249600300000286080D00000000000000000001               30042010000000000004694104002755                         090000624605140001104964588000000469497862008177624605140001110000000000000000002180000000000                 
1040001300058U 0600000000000000000000000000093900000000000000000000000000093900000000000469400000000000281600000000000000000000000000000031032010050420101100        000000000000000AUTOMACAO                     811                           
10400015         00005800000000000000000000000000000000000000000000000000000000000000000000000000000000000000228277                           00000000000000000000000000000                                                                     
10499999         000001000062000000000              00000 000000000000                                                                        00000000000000000000000000000                                                                     
