10400000         243070481000114186200              00249600300000286080SINEMPEDIFPORTCAB MUN SP      CAIXA ECONOMICA FEDERAL                 23105201007022400128006000000                                                                     
10400011T01  030 2043070481000114186200              00249600300000286080SINEMPEDIFPORTCAB MUN SP      200501                                  000000                                  000000003105201000000000                                 
1040001300001T 0600249600300000286080D00000000000000000001               31052010000000000003217237019453                         090000004243908680104914619000000321797862008177004243908680110000000000000000002220000000000                 
1040001300002U 0600000000000000000000000000064300000000000000000000000000064300000000000321700000000000193100000000000000000000000000000027052010010620101900        000000000000000CIP COMPENSACAO               811                           
1040001300003T 0600249600300000286080D00000000000000000001               30042010000000000000000104015725                         090000015661090001104944588000000000097862009177015661090001300000000000000000002180000000000                 
1040001300004U 0600000000000000000000000000578600000000000000000000000000578600000000002892900000000001735700000000000000000000000000000027052010010620102100        000000000000000AUTOMACAO                     930                           
1040001300005T 0600249600300000286080D00000000000000000001               31052010000000000004089237019453                         090000038541308480104924619000000408997862008177038541308480110000000000000000002220000000000                 
1040001300006U 0600000000000000000000000000081800000000000000000000000000081800000000000408900000000000245300000000000000000000000000000027052010010620101900        000000000000000CIP COMPENSACAO               811                           
1040001300007T 0600249600300000286080D00000000000000000001               31052010000000000002449237019453                         090000044227840001104934619000000244997862008177044227840001110000000000000000002220000000000                 
1040001300008U 0600000000000000000000000000049000000000000000000000000000049000000000000244900000000000146900000000000000000000000000000027052010010620101900        000000000000000CIP COMPENSACAO               811                           
1040001300009T 0600249600300000286080D00000000000000000001               27052010000000000000000341004677                         090000049205820001104944615000000000097862009177049205820001300000000000000000002220000000000                 
1040001300010U 0600000000000000000000000000187800000000000000000000000000187800000000000938800000000000563200000000000000000000000000000027052010010620101900        000000000000000CIP COMPENSACAO               930                           
1040001300011T 0600249600300000286080D00000000000000000001               07101997000000000000000341003603                         090000077962600001104900000000000000097862008177077962600001110000000000000000002220000000000                 
1040001300012U 0600000000000000000000000000044900000000000000000000000000044900000000000224500000000000134700000000000000000000000000000027052010010620101900        000000000000000CIP COMPENSACAO               811                           
1040001300013T 0600249600300000286080D00000000000000000001               31052010000000000004666237019453                         090000114957890001104944619000000466697862008177114957890001110000000000000000002220000000000                 
1040001300014U 0600000000000000000000000000093300000000000000000000000000093300000000000466600000000000280000000000000000000000000000000027052010010620101900        000000000000000CIP COMPENSACAO               811                           
1040001300015T 0600249600300000286080D00000000000000000001               31052010000000000014602237019453                         090000388945800001104934619000001460297862008177388945800001110000000000000000002220000000000                 
1040001300016U 0600000000000000000000000000292000000000000000000000000000292000000000001460200000000000876200000000000000000000000000000027052010010620101900        000000000000000CIP COMPENSACAO               811                           
1040001300017T 0600249600300000286080D00000000000000000001               31052010000000000010098237019453                         090000538284710001104954619000001009897862008177538284710001110000000000000000002220000000000                 
1040001300018U 0600000000000000000000000000202000000000000000000000000000202000000000001009800000000000605800000000000000000000000000000027052010010620101900        000000000000000CIP COMPENSACAO               811                           
1040001300019T 0600249600300000286080D00000000000000000001               30042010000000000000000104028886                         090000538290240001104964588000000000097862009177538290240001300000000000000000002180000000000                 
1040001300020U 0600000000000000000000000000203200000000000000000000000000203200000000001016100000000000609700000000000000000000000000000027052010010620102100        000000000000000AUTOMACAO                     930                           
1040001300021T 0600249600300000286080D00000000000000000001               31052010000000000014070237019453                         090000540240390001104964619000001407097862008177540240390001110000000000000000002220000000000                 
1040001300022U 0600000000000000000000000000281400000000000000000000000000281400000000001407000000000000844200000000000000000000000000000027052010010620101900        000000000000000CIP COMPENSACAO               811                           
1040001300023T 0600249600300000286080D00000000000000000001               31052010000000000021245237019453                         090000540263720001104914619000002124597862008177540263720001110000000000000000002220000000000                 
1040001300024U 0600000000000000000000000000424900000000000000000000000000424900000000002124500000000001274700000000000000000000000000000027052010010620101900        000000000000000CIP COMPENSACAO               811                           
1040001300025T 0600249600300000286080D00000000000000000001               31052010000000000002449237019453                         090000540713370001104914619000000244997862008177540713370001110000000000000000002220000000000                 
1040001300026U 0600000000000000000000000000049000000000000000000000000000049000000000000244900000000000146900000000000000000000000000000027052010010620101900        000000000000000CIP COMPENSACAO               811                           
1040001300027T 0600249600300000286080D00000000000000000001               31052010000000000012082237019453                         090000542238620001104934619000001208297862008177542238620001110000000000000000002220000000000                 
1040001300028U 0600000000000000000000000000241600000000000000000000000000241600000000001208200000000000725000000000000000000000000000000027052010010620101900        000000000000000CIP COMPENSACAO               811                           
1040001300029T 0600249600300000286080D00000000000000000001               31052010000000000018503237019453                         090000542386620001104914619000001850397862008177542386620001110000000000000000002220000000000                 
1040001300030U 0600000000000000000000000000370100000000000000000000000000370100000000001850300000000001110100000000000000000000000000000027052010010620101900        000000000000000CIP COMPENSACAO               811                           
1040001300031T 0600249600300000286080D00000000000000000001               31052010000000000000000237005622                         090000542394620001104964619000000000097862009177542394620001300000000000000000002220000000000                 
1040001300032U 0600000000000000000000000000049300000000000000000000000000049300000000000246700000000000148100000000000000000000000000000027052010010620101900        000000000000000CIP COMPENSACAO               930                           
1040001300033T 0600249600300000286080D00000000000000000001               31052010000000000013954237019453                         090000542765710001104914619000001395497862008177542765710001110000000000000000002220000000000                 
1040001300034U 0600000000000000000000000000279100000000000000000000000000279100000000001395400000000000837200000000000000000000000000000027052010010620101900        000000000000000CIP COMPENSACAO               811                           
1040001300035T 0600249600300000286080D00000000000000000001               31052010000000000021505237019453                         090000546037330001104994619000002150597862008177546037330001110000000000000000002220000000000                 
1040001300036U 0600000000000000000000000000430100000000000000000000000000430100000000002150500000000001290300000000000000000000000000000027052010010620101900        000000000000000CIP COMPENSACAO               811                           
1040001300037T 0600249600300000286080D00000000000000000001               31052010000000000020704237019453                         090000546374910001104974619000002070497862008177546374910001110000000000000000002220000000000                 
1040001300038U 0600000000000000000000000000414100000000000000000000000000414100000000002070400000000001242200000000000000000000000000000027052010010620101900        000000000000000CIP COMPENSACAO               811                           
1040001300039T 0600249600300000286080D00000000000000000001               31052010000000000018856237019453                         090000552155030001104944619000001885697862008177552155030001110000000000000000002220000000000                 
1040001300040U 0600000000000000000000000000377100000000000000000000000000377100000000001885600000000001131400000000000000000000000000000027052010010620101900        000000000000000CIP COMPENSACAO               811                           
1040001300041T 0600249600300000286080D00000000000000000001               31052010000000000017619237019453                         090000553830610001104954619000001761997862008177553830610001110000000000000000002220000000000                 
1040001300042U 0600000000000000000000000000352400000000000000000000000000352400000000001761900000000001057100000000000000000000000000000027052010010620101900        000000000000000CIP COMPENSACAO               811                           
1040001300043T 0600249600300000286080D00000000000000000001               30042010000000000021699104031917                         090000593944600001104974588000002169997862008177593944600001110000000000000000002180000000000                 
1040001300044U 0600000000000238700000000000434000000000000000000000000000434000000000002408600000000001540600000000000000000000000000000027052010010620102100        000000000000000AUTOMACAO                     811                           
1040001300045T 0600249600300000286080D00000000000000000001               31052010000000000005320237019453                         090000611832990001104954619000000532097862008177611832990001110000000000000000002220000000000                 
1040001300046U 0600000000000000000000000000106400000000000000000000000000106400000000000532000000000000319200000000000000000000000000000027052010010620101900        000000000000000CIP COMPENSACAO               811                           
1040001300047T 0600249600300000286080D00000000000000000001               31052010000000000002776237019453                         090000673517260001104934619000000277697862008177673517260001110000000000000000002220000000000                 
1040001300048U 0600000000000000000000000000055500000000000000000000000000055500000000000277600000000000166600000000000000000000000000000027052010010620101900        000000000000000CIP COMPENSACAO               811                           
1040001300049T 0600249600300000286080D00000000000000000001               31052010000000000002347237019453                         090000676342120001104914619000000234797862008177676342120001110000000000000000002220000000000                 
1040001300050U 0600000000000000000000000000046900000000000000000000000000046900000000000234700000000000140900000000000000000000000000000027052010010620101900        000000000000000CIP COMPENSACAO               811                           
1040001300051T 0600249600300000286080D00000000000000000001               30052010000000000002347237038326                         090000740858530001104914618000000234797862008177740858530001110000000000000000002220000000000                 
1040001300052U 0600000000000000000000000000046900000000000000000000000000046900000000000234700000000000140900000000000000000000000000000027052010010620101900        000000000000000CIP COMPENSACAO               811                           
1040001300053T 0600249600300000286080D00000000000000000001               30042010000000000000000104006572                         090000001740630001104964588000000000097862009177001740630001300000000000000000002180000000000                 
1040001300054U 0600000000000000000000000000053900000000000000000000000000053900000000000269400000000000161600000000000000000000000000000028052010010620101100        000000000000000AUTOMACAO                     930                           
1040001300055T 0600249600300000286080D00000000000000000001               30042010000000000000000104002747                         090000007343580001104914588000000000097862009177007343580001300000000000000000002180000000000                 
1040001300056U 0600000000000000000000000000282500000000000000000000000000282500000000001412700000000000847700000000000000000000000000000028052010010620101100        000000000000000AUTOMACAO                     930                           
1040001300057T 0600249600300000286080D00000000000000000001               30042010000000000000000104040940                         090000021350620001104944588000000000097862009177021350620001300000000000000000002180000000000                 
1040001300058U 0600000000000000000000000000458300000000000000000000000000458300000000002291600000000001375000000000000000000000000000000028052010010620101100        000000000000000AUTOMACAO                     930                           
1040001300059T 0600249600300000286080D00000000000000000001               30042010000000000021928104002704                         090000031967310001104914588000002192897862008177031967310001110000000000000000002180000000000                 
1040001300060U 0600000000000287700000000000438600000000000000000000000000438600000000002480500000000001603300000000000000000000000000000028052010010620101100        000000000000000AUTOMACAO                     811                           
1040001300061T 0600249600300000286080D00000000000000000001               30042010000000000000000104002534                         090000552262370001104974588000000000097862009177552262370001300000000000000000002180000000000                 
1040001300062U 0600000000000000000000000000059200000000000000000000000000059200000000000296100000000000177700000000000000000000000000000028052010010620101100        000000000000000AUTOMACAO                     930                           
1040001300063T 0600249600300000286080D00000000000000000001               30042010000000000009242104006890                         090000553839880001104964588000000924297862008177553839880001110000000000000000002180000000000                 
1040001300064U 0600000000000101600000000000184800000000000000000000000000184800000000001025800000000000656200000000000000000000000000000028052010010620101100        000000000000000AUTOMACAO                     811                           
1040001300065T 0600249600300000286080D00000000000000000001               30042010000000000000000104010170                         090000605220910001104934588000000000097862009177605220910001300000000000000000002180000000000                 
1040001300066U 0600000000000000000000000000290900000000000000000000000000290900000000001454400000000000872600000000000000000000000000000028052010010620101100        000000000000000AUTOMACAO                     930                           
1040001300067T 0600249600300000286080D00000000000000000001               30042010000000000000000104032778                         090000605549200001104954588000000000097862009177605549200001300000000000000000002180000000000                 
1040001300068U 0600000000000000000000000000389900000000000000000000000000389900000000001949400000000001169600000000000000000000000000000028052010010620101100        000000000000000AUTOMACAO                     930                           
10400015         00006800000000000000000000000000000000000000000000000000000000000000000000000000000000000000243697                           00000000000000000000000000000                                                                     
10499999         000001000072000000000              00000 000000000000                                                                        00000000000000000000000000000                                                                     
