10400000         243070481000114186200              00249600300000286080SINEMPEDIFPORTCAB MUN SP      CAIXA ECONOMICA FEDERAL                 22005201004212600127206000000                                                                     
10400011T01  030 2043070481000114186200              00249600300000286080SINEMPEDIFPORTCAB MUN SP      200501                                  000000                                  000000002005201000000000                                 
1040001300001T 0600249600300000286080D00000000000000000001               30042010000000000000000104016551                         090000028333620001104924588000000000097862009177028333620001300000000000000000002180000000000                 
1040001300002U 0600000000000000000000000000374100000000000000000000000000374100000000001870600000000001122400000000000000000000000000000017052010200520102100        000000000000000AUTOMACAO                     930                           
1040001300003T 0600249600300000286080D00000000000000000001               30042010000000000000000237038237                         090000032059510001104944588000000000097862009177032059510001300000000000000000002220000000000                 
1040001300004U 0600000000000000000000000000432200000000000000000000000000432200000000002160900000000001296500000000000000000000000000000017052010200520101900        000000000000000CIP COMPENSACAO               930                           
1040001300005T 0600249600300000286080D00000000000000000001               30042010000000000000000104029033                         090000554005010001104944588000000000097862009177554005010001300000000000000000002180000000000                 
1040001300006U 0600000000000000000000000000314500000000000000000000000000314500000000001572700000000000943700000000000000000000000000000017052010200520102100        000000000000000AUTOMACAO                     930                           
1040001300007T 0600249600300000286080D00000000000000000001               30042010000000000000000104016551                         090000567673120001104924588000000000097862009177567673120001300000000000000000002180000000000                 
1040001300008U 0600000000000000000000000000209900000000000000000000000000209900000000001049300000000000629500000000000000000000000000000017052010200520102100        000000000000000AUTOMACAO                     930                           
1040001300009T 0600249600300000286080D00000000000000000001               17052010000000000000000341000787                         090000584073700001104934605000000000097862009177584073700001300000000000000000002220000000000                 
1040001300010U 0600000000000000000000000000655800000000000000000000000000655800000000003279000000000001967400000000000000000000000000000017052010200520101900        000000000000000CIP COMPENSACAO               930                           
1040001300011T 0600249600300000286080D00000000000000000001               07101997000000000000000341032409                         090000671496740001104900000000000000097862009177671496740001300000000000000000002220000000000                 
1040001300012U 0600000000000000000000000000155300000000000000000000000000155300000000000776700000000000466100000000000000000000000000000017052010200520101900        000000000000000CIP COMPENSACAO               930                           
1040001300013T 0600249600300000286080D00000000000000000001               30042010000000000000000104002496                         090000002030550001104934588000000000097862009177002030550001300000000000000000002180000000000                 
1040001300014U 0600000000000000000000000000048800000000000000000000000000048800000000000244200000000000146600000000000000000000000000000018052010200520101100        000000000000000AUTOMACAO                     930                           
1040001300015T 0600249600300000286080D00000000000000000001               30042010000000000018482104040770                         090000618441300001104914588000001848297862008177618441300001110000000000000000002180000000000                 
1040001300016U 0600000000000198800000000000369600000000000000000000000000369600000000002047000000000001307800000000000000000000000000000018052010200520101100        000000000000000AUTOMACAO                     811                           
10400015         00001600000000000000000000000000000000000000000000000000000000000000000000000000000000000000078800                           00000000000000000000000000000                                                                     
10499999         000001000020000000000              00000 000000000000                                                                        00000000000000000000000000000                                                                     
