10400000         243070481000114186200              00249600300000286080SINEMPEDIFPORTCAB MUN SP      CAIXA ECONOMICA FEDERAL                 20706201005103500128306000000                                                                     
10400011T01  030 2043070481000114186200              00249600300000286080SINEMPEDIFPORTCAB MUN SP      200501                                  000000                                  000000000706201000000000                                 
1040001300001T 0600249600300000286080D00000000000000000001               30062010000000000002245341066460                         090000576539660001104944649000000224597862008177576539660001110000000000000000002220000000000                 
1040001300002U 0600000000000000000000000000044900000000000000000000000000044900000000000224500000000000134700000000000000000000000000000001062010070620101900        000000000000000CIP COMPENSACAO               811                           
1040001300003T 0600249600300000286080D00000000000000000001               31052010000000000006883104002860                         090000515156330001104914619000000688397862008177515156330001110000000000000000001090000000000                 
1040001300004U 0600000000000089500000000000137700000000000000000000000000137700000000000777800000000000502400000000000000000000000000000002062010070620101700        000000000000000LOTERICOS SISPL               811                           
1040001300005T 0600249600300000286080D00000000000000000001               30042010000000000000000104002496                         090000538288770001104914588000000000097862009177538288770001300000000000000000002180000000000                 
1040001300006U 0600000000000000000000000000272400000000000000000000000000272400000000001361900000000000817100000000000000000000000000000002062010070620101100        000000000000000AUTOMACAO                     930                           
1040001300007T 0600249600300000286080D00000000000000000001               30042010000000000022216104002380                         090000665195700001104934588000002221697862008177665195700001110000000000000000002180000000000                 
1040001300008U 0600000000000306400000000000444300000000000000000000000000444300000000002528000000000001639400000000000000000000000000000002062010070620101100        000000000000000AUTOMACAO                     811                           
10400015         00000800000000000000000000000000000000000000000000000000000000000000000000000000000000000000030936                           00000000000000000000000000000                                                                     
10499999         000001000012000000000              00000 000000000000                                                                        00000000000000000000000000000                                                                     
