10400000         243070481000114186200              00249600300000286080SINEMPEDIFPORTCAB MUN SP      CAIXA ECONOMICA FEDERAL                 20206201005022100128106000000                                                                     
10400011T01  030 2043070481000114186200              00249600300000286080SINEMPEDIFPORTCAB MUN SP      200501                                  000000                                  000000000206201000000000                                 
1040001300001T 0600249600300000286080D00000000000000000001               31052010000000000002470341029238                         090000009924550001104974619000000247097862009177009924550001300000000000000000002220000000000                 
1040001300002U 0600000000000000000000000000049400000000000000000000000000049400000000000247000000000000148200000000000000000000000000000028052010020620101900        000000000000000CIP COMPENSACAO               930                           
1040001300003T 0600249600300000286080D00000000000000000001               30052010000000000002247237038571                         090000027134120001104934618000000224797862009177027134120001600000000000000000002220000000000                 
1040001300004U 0600000000000000000000000000044900000000000000000000000000044900000000000224700000000000134900000000000000000000000000000028052010020620101900        000000000000000CIP COMPENSACAO               960                           
1040001300005T 0600249600300000286080D00000000000000000001               30042010000000000000000104002720                         090000028807880001104954588000000000097862009177028807880001300000000000000000002180000000000                 
1040001300006U 0600000000000000000000000000107800000000000000000000000000107800000000000538900000000000323300000000000000000000000000000028052010020620102100        000000000000000AUTOMACAO                     930                           
1040001300007T 0600249600300000286080D00000000000000000001               31052010000000000010101033022713                         090000042750080001104914619000001010197862008177042750080001110000000000000000002220000000000                 
1040001300008U 0600000000000000000000000000202000000000000000000000000000202000000000001010100000000000606100000000000000000000000000000028052010020620101900        000000000000000CIP COMPENSACAO               811                           
1040001300009T 0600249600300000286080D00000000000000000001               31052010000000000002245237010740                         090000048476020001104964619000000224597862008177048476020001110000000000000000002220000000000                 
1040001300010U 0600000000000000000000000000044900000000000000000000000000044900000000000224500000000000134700000000000000000000000000000028052010020620101900        000000000000000CIP COMPENSACAO               811                           
1040001300011T 0600249600300000286080D00000000000000000001               07101997000000000000000341007641                         090000049608420001104900000000000000097862008177049608420001110000000000000000002220000000000                 
1040001300012U 0600000000000000000000000000034700000000000000000000000000034700000000000173600000000000104200000000000000000000000000000028052010020620101900        000000000000000CIP COMPENSACAO               811                           
1040001300013T 0600249600300000286080D00000000000000000001               30052010000000000002500237038571                         090000053117570001104964618000000250097862009177053117570001600000000000000000002220000000000                 
1040001300014U 0600000000000000000000000000050000000000000000000000000000050000000000000250000000000000150000000000000000000000000000000028052010020620101900        000000000000000CIP COMPENSACAO               960                           
1040001300015T 0600249600300000286080D00000000000000000001               28052010000000000002350237001058                         090000108429690001104994616000000235097862008177108429690001110000000000000000002220000000000                 
1040001300016U 0600000000000000000000000000047000000000000000000000000000047000000000000235000000000000141000000000000000000000000000000028052010020620101900        000000000000000CIP COMPENSACAO               811                           
1040001300017T 0600249600300000286080D00000000000000000001               31052010000000000002586237037796                         090000140690100014104944619000000258697862008177140690100014110000000000000000002220000000000                 
1040001300018U 0600000000000000000000000000051700000000000000000000000000051700000000000258600000000000155200000000000000000000000000000028052010020620101900        000000000000000CIP COMPENSACAO               811                           
1040001300019T 0600249600300000286080D00000000000000000001               28052010000000000002473237001058                         090000403741100010104964616000000247397862008177403741100010110000000000000000002220000000000                 
1040001300020U 0600000000000000000000000000049500000000000000000000000000049500000000000247300000000000148300000000000000000000000000000028052010020620101900        000000000000000CIP COMPENSACAO               811                           
1040001300021T 0600249600300000286080D00000000000000000001               30052010000000000002245237037907                         090000538177480001104984618000000224597862004177538177480001110000000000000000002220000000000                 
1040001300022U 0600000000000000000000000000044900000000000000000000000000044900000000000224500000000000134700000000000000000000000000000028052010020620101900        000000000000000CIP COMPENSACAO               411                           
1040001300023T 0600249600300000286080D00000000000000000001               30062010000000000000000341002119                         090000538245460001104914649000000000097862009177538245460001300000000000000000002220000000000                 
1040001300024U 0600000000000000000000000000045000000000000000000000000000045000000000000225000000000000135000000000000000000000000000000028052010020620101900        000000000000000CIP COMPENSACAO               930                           
1040001300025T 0600249600300000286080D00000000000000000001               07101997000000000000000341004405                         090000540034390001104900000000000000097862009177540034390001300000000000000000002220000000000                 
1040001300026U 0600000000000000000000000000061200000000000000000000000000061200000000000306000000000000183600000000000000000000000000000028052010020620101900        000000000000000CIP COMPENSACAO               930                           
1040001300027T 0600249600300000286080D00000000000000000001               31052010000000000003437341029238                         090000542020720001104914619000000343797862009177542020720001300000000000000000002220000000000                 
1040001300028U 0600000000000000000000000000068700000000000000000000000000068700000000000343700000000000206300000000000000000000000000000028052010020620101900        000000000000000CIP COMPENSACAO               930                           
1040001300029T 0600249600300000286080D00000000000000000001               28052010000000000002740341005932                         090000542082510001104914616000000274097862008177542082510001110000000000000000002220000000000                 
1040001300030U 0600000000000000000000000000054800000000000000000000000000054800000000000274000000000000164400000000000000000000000000000028052010020620101900        000000000000000CIP COMPENSACAO               811                           
1040001300031T 0600249600300000286080D00000000000000000001               31052010000000000002350001048666                         090000542402210001104944619000000235097862008177542402210001110000000000000000002220000000000                 
1040001300032U 0600000000000000000000000000047000000000000000000000000000047000000000000235000000000000141000000000000000000000000000000028052010020620101900        000000000000000CIP COMPENSACAO               811                           
1040001300033T 0600249600300000286080D00000000000000000001               07101997000000000002793356001368                         090000544627180001104900000000000279397862008177544627180001110000000000000000002220000000000                 
1040001300034U 0600000000000000000000000000055900000000000000000000000000055900000000000279300000000000167500000000000000000000000000000028052010020620101900        000000000000000CIP COMPENSACAO               811                           
1040001300035T 0600249600300000286080D00000000000000000001               30052010000000000002333356017809                         090000545309100001104904618000000233397862008177545309100001110000000000000000002220000000000                 
1040001300036U 0600000000000000000000000000046700000000000000000000000000046700000000000233300000000000139900000000000000000000000000000028052010020620101900        000000000000000CIP COMPENSACAO               811                           
1040001300037T 0600249600300000286080D00000000000000000001               31052010000000000002730341029238                         090000549369840001104994619000000273097862009177549369840001300000000000000000002220000000000                 
1040001300038U 0600000000000000000000000000054600000000000000000000000000054600000000000273000000000000163800000000000000000000000000000028052010020620101900        000000000000000CIP COMPENSACAO               930                           
1040001300039T 0600249600300000286080D00000000000000000001               30052010000000000009388001030341                         090000576950580001104984618000000938897862008177576950580001120000000000000000002220000000000                 
1040001300040U 0600000000000000000000000000187800000000000000000000000000187800000000000938800000000000563200000000000000000000000000000028052010020620101900        000000000000000CIP COMPENSACAO               812                           
1040001300041T 0600249600300000286080D00000000000000000001               30042010000000000000000104006572                         090000577542100001104954588000000000097862009177577542100001300000000000000000002180000000000                 
1040001300042U 0600000000000000000000000000393900000000000000000000000000393900000000001969400000000001181600000000000000000000000000000028052010020620102100        000000000000000AUTOMACAO                     930                           
1040001300043T 0600249600300000286080D00000000000000000001               30052010000000000002250237038571                         090000578662610001104994618000000225097862009177578662610001600000000000000000002220000000000                 
1040001300044U 0600000000000000000000000000045000000000000000000000000000045000000000000225000000000000135000000000000000000000000000000028052010020620101900        000000000000000CIP COMPENSACAO               960                           
1040001300045T 0600249600300000286080D00000000000000000001               31052010000000000000000341071137                         090000605289810001104964619000000000097862009177605289810001300000000000000000002220000000000                 
1040001300046U 0600000000000000000000000000058800000000000000000000000000058800000000000293900000000000176300000000000000000000000000000028052010020620101900        000000000000000CIP COMPENSACAO               930                           
1040001300047T 0600249600300000286080D00000000000000000001               31052010000000000002755341002623                         090000660608640001104914619000000275597862008177660608640001110000000000000000002220000000000                 
1040001300048U 0600000000000000000000000000055100000000000000000000000000055100000000000275500000000000165300000000000000000000000000000028052010020620101900        000000000000000CIP COMPENSACAO               811                           
1040001300049T 0600249600300000286080D00000000000000000001               31052010000000000003000341000663                         090000668514290001104984619000000300097862008177668514290001110000000000000000002220000000000                 
1040001300050U 0600000000000000000000000000060000000000000000000000000000060000000000000300000000000000180000000000000000000000000000000028052010020620101900        000000000000000CIP COMPENSACAO               811                           
1040001300051T 0600249600300000286080D00000000000000000001               30042010000000000000000104002623                         090000676352920001104984588000000000097862009177676352920001300000000000000000002180000000000                 
1040001300052U 0600000000000000000000000000214300000000000000000000000000214300000000001071300000000000642700000000000000000000000000000028052010020620102100        000000000000000AUTOMACAO                     930                           
1040001300053T 0600249600300000286080D00000000000000000001               31052010000000000000000341071137                         090000717306260001104914619000000000097862009177717306260001300000000000000000002220000000000                 
1040001300054U 0600000000000000000000000000061800000000000000000000000000061800000000000309200000000000185600000000000000000000000000000028052010020620101900        000000000000000CIP COMPENSACAO               930                           
1040001300055T 0600249600300000286080D00000000000000000001               28052010000000000003563341001902                         090000827811900013104934616000000356397862008177827811900013110000000000000000002220000000000                 
1040001300056U 0600000000000000000000000000071300000000000000000000000000071300000000000356300000000000213700000000000000000000000000000028052010020620101900        000000000000000CIP COMPENSACAO               811                           
1040001300057T 0600249600300000286080D00000000000000000001               07101997000000000000000341004405                         090000869445190001104900000000000000097862009177869445190001300000000000000000002220000000000                 
1040001300058U 0600000000000000000000000000045000000000000000000000000000045000000000000225000000000000135000000000000000000000000000000028052010020620101900        000000000000000CIP COMPENSACAO               930                           
1040001300059T 0600249600300000286080D00000000000000000001               30042010000000000000000104016543                         090000033887710001104914588000000000097862009177033887710001300000000000000000002180000000000                 
1040001300060U 0600000000000000000000000000514600000000000000000000000000514600000000002573100000000001543900000000000000000000000000000031052010020620101100        000000000000000AUTOMACAO                     930                           
1040001300061T 0600249600300000286080D00000000000000000001               30042010000000000000000104032620                         090000044578610001104914588000000000097862009177044578610001300000000000000000002180000000000                 
1040001300062U 0600000000000000000000000000448400000000000000000000000000448400000000002242200000000001345400000000000000000000000000000031052010020620101100        000000000000000AUTOMACAO                     930                           
1040001300063T 0600249600300000286080D00000000000000000001               30042010000000000000000104002593                         090000108265100001104944588000000000097862009177108265100001300000000000000000002180000000000                 
1040001300064U 0600000000000000000000000000092500000000000000000000000000092500000000000462500000000000277500000000000000000000000000000031052010020620101100        000000000000000AUTOMACAO                     930                           
1040001300065T 0600249600300000286080D00000000000000000001               31052010000000000002245104040746                         090000542003570001104934619000000224597862008177542003570001110000000000000000001090000000000                 
1040001300066U 0600000000000000000000000000044900000000000000000000000000044900000000000224500000000000134700000000000000000000000000000031052010020620101700        000000000000000LOTERICOS SISPL               811                           
1040001300067T 0600249600300000286080D00000000000000000001               30042010000000000000000104006572                         090000563208310001104964588000000000097862009177563208310001300000000000000000002180000000000                 
1040001300068U 0600000000000000000000000000391900000000000000000000000000391900000000001959500000000001175700000000000000000000000000000031052010020620101100        000000000000000AUTOMACAO                     930                           
1040001300069T 0600249600300000286080D00000000000000000001               30042010000000000000000104002674                         090000573937870001104944588000000000097862009177573937870001300000000000000000002180000000000                 
1040001300070U 0600000000000000000000000000416100000000000000000000000000416100000000002080400000000001248200000000000000000000000000000031052010020620101100        000000000000000AUTOMACAO                     930                           
1040001300071T 0600249600300000286080D00000000000000000001               31052010000000000002297104006572                         090000625780670001104914619000000229797862008177625780670001110000000000000000001090000000000                 
1040001300072U 0600000000000000000000000000045900000000000000000000000000045900000000000229700000000000137900000000000000000000000000000031052010020620101700        000000000000000LOTERICOS SISPL               811                           
1040001300073T 0600249600300000286080D00000000000000000001               30042010000000000000000104002496                         090000647297000001104914588000000000097862009177647297000001300000000000000000002180000000000                 
1040001300074U 0600000000000000000000000000595600000000000000000000000000595600000000002978200000000001787000000000000000000000000000000031052010020620101100        000000000000000AUTOMACAO                     930                           
1040001300075T 0600249600300000286080D00000000000000000001               30042010000000000000000104040088                         090000655073780001104914588000000000097862009177655073780001300000000000000000002180000000000                 
1040001300076U 0600000000000000000000000000394000000000000000000000000000394000000000001970100000000001182100000000000000000000000000000031052010020620101100        000000000000000AUTOMACAO                     930                           
1040001300077T 0600249600300000286080D00000000000000000001               30042010000000000000000104002496                         090000655249930001104914588000000000097862009177655249930001300000000000000000002180000000000                 
1040001300078U 0600000000000000000000000000567300000000000000000000000000567300000000002836400000000001701800000000000000000000000000000031052010020620101100        000000000000000AUTOMACAO                     930                           
1040001300079T 0600249600300000286080D00000000000000000001               30042010000000000000000104002496                         090000666662150001104934588000000000097862009177666662150001300000000000000000002180000000000                 
1040001300080U 0600000000000000000000000000615700000000000000000000000000615700000000003078700000000001847300000000000000000000000000000031052010020620101100        000000000000000AUTOMACAO                     930                           
1040001300081T 0600249600300000286080D00000000000000000001               30042010000000000000000104010863                         090000732466700001104994588000000000097862009177732466700001300000000000000000002180000000000                 
1040001300082U 0600000000000000000000000000347400000000000000000000000000347400000000001737200000000001042400000000000000000000000000000031052010020620101100        000000000000000AUTOMACAO                     930                           
10400015         00008200000000000000000000000000000000000000000000000000000000000000000000000000000000000000204844                           00000000000000000000000000000                                                                     
10499999         000001000086000000000              00000 000000000000                                                                        00000000000000000000000000000                                                                     
