10400000         243070481000114186200              00249600300000286080SINEMPEDIFPORTCAB MUN SP      CAIXA ECONOMICA FEDERAL                 21005201005040700126406000000                                                                     
10400011T01  030 2043070481000114186200              00249600300000286080SINEMPEDIFPORTCAB MUN SP      200501                                  000000                                  000000001005201000000000                                 
1040001300001T 0600249600300000286080D00000000000000000001               05052010000000000004446341000361                         090000057703280001104914593000000444697862006177057703280001820000000000000000002220000000000                 
1040001300002U 0600000000000000000000000000088900000000000000000000000000088900000000000444600000000000266800000000000000000000000000000005052010100520101900        000000000000000CIP COMPENSACAO               682                           
1040001300003T 0600249600300000286080D00000000000000000001               10052010000000000000000341008451                         090000546061160001104904598000000000097862009177546061160001300000000000000000002220000000000                 
1040001300004U 0600000000000000000000000000881000000000000000000000000000881000000000004405000000000002643000000000000000000000000000000005052010100520101900        000000000000000CIP COMPENSACAO               930                           
1040001300005T 0600249600300000286080D00000000000000000001               06052010000000000009917237033936                         090000554458030001104924594000000991797862008177554458030001110000000000000000002220000000000                 
1040001300006U 0600000000000000000000000000198300000000000000000000000000198300000000000991700000000000595100000000000000000000000000000005052010100520101900        000000000000000CIP COMPENSACAO               811                           
1040001300007T 0600249600300000286080D00000000000000000001               05052010000000000015820341008451                         090000739866630001104934593000001582097862008177739866630001120000000000000000002220000000000                 
1040001300008U 0600000000000000000000000000316400000000000000000000000000316400000000001582000000000000949200000000000000000000000000000005052010100520101900        000000000000000CIP COMPENSACAO               812                           
1040001300009T 0600249600300000286080D00000000000000000001               30042010000000000000000104029416                         090000005001443554104914588000000000097862009177005001443554300000000000000000002180000000000                 
1040001300010U 0600000000000000000000000000050700000000000000000000000000050700000000000253700000000000152300000000000000000000000000000006052010100520101100        000000000000000AUTOMACAO                     930                           
1040001300011T 0600249600300000286080D00000000000000000001               30042010000000000000000104032786                         090000552341570001104944588000000000097862009177552341570001300000000000000000002180000000000                 
1040001300012U 0600000000000000000000000000511800000000000000000000000000511800000000002558900000000001535300000000000000000000000000000006052010100520101100        000000000000000AUTOMACAO                     930                           
1040001300013T 0600249600300000286080D00000000000000000001               30042010000000000000000104013722                         090000607436550001104974588000000000097862009177607436550001300000000000000000001090000000000                 
1040001300014U 0600000000000000000000000000095700000000000000000000000000095700000000000478600000000000287200000000000000000000000000000006052010100520101700        000000000000000LOTERICOS SISPL               930                           
1040001300015T 0600249600300000286080D00000000000000000001               30042010000000000000000104013722                         090000611831660001104984588000000000097862009177611831660001300000000000000000001090000000000                 
1040001300016U 0600000000000000000000000000159100000000000000000000000000159100000000000795600000000000477400000000000000000000000000000006052010100520101700        000000000000000LOTERICOS SISPL               930                           
1040001300017T 0600249600300000286080D00000000000000000001               30042010000000000000000104002534                         090000655278060001104954588000000000097862009177655278060001300000000000000000002180000000000                 
1040001300018U 0600000000000000000000000000131500000000000000000000000000131500000000000657700000000000394700000000000000000000000000000006052010100520101100        000000000000000AUTOMACAO                     930                           
1040001300019T 0600249600300000286080D00000000000000000001               30042010000000000000000104040746                         090000689707970001104924588000000000097862009177689707970001300000000000000000002180000000000                 
1040001300020U 0600000000000000000000000000305800000000000000000000000000305800000000001529100000000000917500000000000000000000000000000006052010100520101100        000000000000000AUTOMACAO                     930                           
1040001300021T 0600249600300000286080D00000000000000000001               30042010000000000000000104032565                         090000719289640001104934588000000000097862009177719289640001300000000000000000002180000000000                 
1040001300022U 0600000000000000000000000000050300000000000000000000000000050300000000000251400000000000150800000000000000000000000000000006052010100520101100        000000000000000AUTOMACAO                     930                           
10400015         00002200000000000000000000000000000000000000000000000000000000000000000000000000000000000000083693                           00000000000000000000000000000                                                                     
10499999         000001000026000000000              00000 000000000000                                                                        00000000000000000000000000000                                                                     
