10400000         243070481000114186200              00249600300000286080SINEMPEDIFPORTCAB MUN SP      CAIXA ECONOMICA FEDERAL                 21105201005115300126506000000                                                                     
10400011T01  030 2043070481000114186200              00249600300000286080SINEMPEDIFPORTCAB MUN SP      200501                                  000000                                  000000001105201000000000                                 
1040001300001T 0600249600300000286080D00000000000000000001               30062010000000000000000341002852                         090000002190117785104924649000000000097862009177002190117785300000000000000000002220000000000                 
1040001300002U 0600000000000000000000000000071700000000000000000000000000071700000000000358400000000000215000000000000000000000000000000006052010110520101900        000000000000000CIP COMPENSACAO               930                           
1040001300003T 0600249600300000286080D00000000000000000001               30062010000000000000000341002852                         090000002190215643104984649000000000097862009177002190215643300000000000000000002220000000000                 
1040001300004U 0600000000000000000000000000044900000000000000000000000000044900000000000224700000000000134900000000000000000000000000000006052010110520101900        000000000000000CIP COMPENSACAO               930                           
1040001300005T 0600249600300000286080D00000000000000000001               06052010000000000018710237026832                         090000542827280001104984594000001871097862004177542827280001390000000000000000002220000000000                 
1040001300006U 0600000000000000000000000000374200000000000000000000000000374200000000001871000000000001122600000000000000000000000000000006052010110520101900        000000000000000CIP COMPENSACAO               439                           
1040001300007T 0600249600300000286080D00000000000000000001               30042010000000000000000104031283                         090000001653830001104954588000000000097862009177001653830001300000000000000000002180000000000                 
1040001300008U 0600000000000000000000000000397500000000000000000000000000397500000000001987700000000001192700000000000000000000000000000007052010110520101100        000000000000000AUTOMACAO                     930                           
1040001300009T 0600249600300000286080D00000000000000000001               30042010000000000003262104040770                         090000008646950001104974588000000326297862009177008646950001600000000000000000002180000000000                 
1040001300010U 0600000000000035900000000000065200000000000000000000000000065200000000000362100000000000231700000000000000000000000000000007052010110520101100        000000000000000AUTOMACAO                     960                           
1040001300011T 0600249600300000286080D00000000000000000001               30042010000000000000000104040380                         090000055973210001104974588000000000097862009177055973210001300000000000000000002180000000000                 
1040001300012U 0600000000000000000000000000891900000000000000000000000000891900000000004459500000000002675700000000000000000000000000000007052010110520101100        000000000000000AUTOMACAO                     930                           
1040001300013T 0600249600300000286080D00000000000000000001               30042010000000000000000104041289                         090000625688110001104924588000000000097862009177625688110001300000000000000000002180000000000                 
1040001300014U 0600000000000000000000000000067100000000000000000000000000067100000000000335300000000000201100000000000000000000000000000007052010110520101100        000000000000000AUTOMACAO                     930                           
10400015         00001400000000000000000000000000000000000000000000000000000000000000000000000000000000000000057737                           00000000000000000000000000000                                                                     
10499999         000001000018000000000              00000 000000000000                                                                        00000000000000000000000000000                                                                     
