10400000         243070481000114186200              00249600300000286080SINEMPEDIFPORTCAB MUN SP      CAIXA ECONOMICA FEDERAL                 22806201005114400129806000000                                                                     
10400011T01  030 2043070481000114186200              00249600300000286080SINEMPEDIFPORTCAB MUN SP      200501                                  000000                                  000000002806201000000000                                 
1040001300001T 0600249600300000286080D00000000000000000001               25062010000000000003433237037516                         090000001465650001104944644000000343397862008177001465650001110000000000000000002220000000000                 
1040001300002U 0600000000000000000000000000068700000000000000000000000000068700000000000343300000000000205900000000000000000000000000000024062010290620101900        000000000000000CIP COMPENSACAO               811                           
1040001300003T 0600249600300000286080D00000000000000000001               30062010000000000000000409001392                         090000094634170001104954649000000000097862009177094634170001300000000000000000002220000000000                 
1040001300004U 0600000000000000000000000000044900000000000000000000000000044900000000000224500000000000134700000000000000000000000000000024062010290620101900        000000000000000CIP COMPENSACAO               930                           
1040001300005T 0600249600300000286080D00000000000000000001               30062010000000000002245341007757                         090000096462190001104924649000000224597862008177096462190001110000000000000000002220000000000                 
1040001300006U 0600000000000000000000000000044900000000000000000000000000044900000000000224500000000000134700000000000000000000000000000024062010290620101900        000000000000000CIP COMPENSACAO               811                           
1040001300007T 0600249600300000286080D00000000000000000001               25062010000000000002245341007544                         090000546097550001104944644000000224597862008177546097550001110000000000000000002220000000000                 
1040001300008U 0600000000000000000000000000044900000000000000000000000000044900000000000224500000000000134700000000000000000000000000000024062010290620101900        000000000000000CIP COMPENSACAO               811                           
1040001300009T 0600249600300000286080D00000000000000000001               30062010000000000004490341087211                         090000555947330001104984649000000449097862008177555947330001110000000000000000002220000000000                 
1040001300010U 0600000000000000000000000000089800000000000000000000000000089800000000000449000000000000269400000000000000000000000000000024062010290620101900        000000000000000CIP COMPENSACAO               811                           
1040001300011T 0600249600300000286080D00000000000000000001               25062010000000000002245237037516                         090000605309040001104924644000000224597862008177605309040001110000000000000000002220000000000                 
1040001300012U 0600000000000000000000000000044900000000000000000000000000044900000000000224500000000000134700000000000000000000000000000024062010290620101900        000000000000000CIP COMPENSACAO               811                           
10400015         00001200000000000000000000000000000000000000000000000000000000000000000000000000000000000000010141                           00000000000000000000000000000                                                                     
10499999         000001000016000000000              00000 000000000000                                                                        00000000000000000000000000000                                                                     
