10400000         243070481000114186200              00249600300000286080SINEMPEDIFPORTCAB MUN SP      CAIXA ECONOMICA FEDERAL                 21204201004461900124506000000                                                                     
10400011T01  030 2043070481000114186200              00249600300000286080SINEMPEDIFPORTCAB MUN SP      200501                                  000000                                  000000001204201000000000                                 
1040001300001T 0600249600300000286080D00000000000000000001               30042010000000000000000237001058                         090000002190112886104944588000000000097862009177002190112886300000000000000000002220000000000                 
1040001300002U 0600000000000000000000000000049000000000000000000000000000049000000000000245000000000000147000000000000000000000000000000007042010120420101900        000000000000000CIP COMPENSACAO               930                           
1040001300003T 0600249600300000286080D00000000000000000001               30042010000000000000000237037796                         090000002190116988104964588000000000097862009177002190116988300000000000000000002220000000000                 
1040001300004U 0600000000000000000000000000393400000000000000000000000000393400000000001967100000000001180300000000000000000000000000000007042010120420101900        000000000000000CIP COMPENSACAO               930                           
1040001300005T 0600249600300000286080D00000000000000000001               30042010000000000000000341003786                         090000002190406243104934588000000000097862009177002190406243300000000000000000002220000000000                 
1040001300006U 0600000000000000000000000000053200000000000000000000000000053200000000000266000000000000159600000000000000000000000000000007042010120420101900        000000000000000CIP COMPENSACAO               930                           
1040001300007T 0600249600300000286080D00000000000000000001               30042010000000000000000237001058                         090000002190512385104924588000000000097862009177002190512385300000000000000000002220000000000                 
1040001300008U 0600000000000000000000000000049000000000000000000000000000049000000000000245000000000000147000000000000000000000000000000007042010120420101900        000000000000000CIP COMPENSACAO               930                           
1040001300009T 0600249600300000286080D00000000000000000001               30042010000000000000000341029467                         090000006139640001104944588000000000097862009177006139640001300000000000000000002220000000000                 
1040001300010U 0600000000000000000000000000022900000000000000000000000000022900000000000114300000000000068500000000000000000000000000000007042010120420101900        000000000000000CIP COMPENSACAO               930                           
1040001300011T 0600249600300000286080D00000000000000000001               30042010000000000000000237037796                         090000011425140001104914588000000000097862009177011425140001300000000000000000002220000000000                 
1040001300012U 0600000000000000000000000000638300000000000000000000000000638300000000003191500000000001914900000000000000000000000000000007042010120420101900        000000000000000CIP COMPENSACAO               930                           
1040001300013T 0600249600300000286080D00000000000000000001               30042010000000000002449341007641                         090000012195090001104994588000000244997862008177012195090001110000000000000000002220000000000                 
1040001300014U 0600000000000000000000000000049000000000000000000000000000049000000000000244900000000000146900000000000000000000000000000007042010120420101900        000000000000000CIP COMPENSACAO               811                           
1040001300015T 0600249600300000286080D00000000000000000001               30042010000000000013028341001384                         090000012670670001104924588000001302897862009177012670670001600000000000000000002220000000000                 
1040001300016U 0600000000000000000000000000260600000000000000000000000000260600000000001302800000000000781600000000000000000000000000000007042010120420101900        000000000000000CIP COMPENSACAO               960                           
1040001300017T 0600249600300000286080D00000000000000000001               30042010000000000000000237006564                         090000017232050001104954588000000000097862009177017232050001300000000000000000002220000000000                 
1040001300018U 0600000000000000000000000000238000000000000000000000000000238000000000001190200000000000714200000000000000000000000000000007042010120420101900        000000000000000CIP COMPENSACAO               930                           
1040001300019T 0600249600300000286080D00000000000000000001               30042010000000000000000237038326                         090000019007220001104984588000000000097862009177019007220001300000000000000000002220000000000                 
1040001300020U 0600000000000000000000000000243900000000000000000000000000243900000000001219300000000000731500000000000000000000000000000007042010120420101900        000000000000000CIP COMPENSACAO               930                           
1040001300021T 0600249600300000286080D00000000000000000001               07101997000000000027691356001368                         090000019112280001104900000000002769197862008177019112280001110000000000000000002220000000000                 
1040001300022U 0600000000000000000000000000553800000000000000000000000000553800000000002769100000000001661500000000000000000000000000000007042010120420101900        000000000000000CIP COMPENSACAO               811                           
1040001300023T 0600249600300000286080D00000000000000000001               07101997000000000000000341004529                         090000022706570001104900000000000000097862009177022706570001300000000000000000002220000000000                 
1040001300024U 0600000000000000000000000000210400000000000000000000000000210400000000001052100000000000631300000000000000000000000000000007042010120420101900        000000000000000CIP COMPENSACAO               930                           
1040001300025T 0600249600300000286080D00000000000000000001               30042010000000000002951237005150                         090000023515530001104944588000000295197862008177023515530001110000000000000000002220000000000                 
1040001300026U 0600000000000000000000000000059000000000000000000000000000059000000000000295100000000000177100000000000000000000000000000007042010120420101900        000000000000000CIP COMPENSACAO               811                           
1040001300027T 0600249600300000286080D00000000000000000001               30042010000000000000000341003557                         090000030071550001104934588000000000097862009177030071550001300000000000000000002220000000000                 
1040001300028U 0600000000000000000000000000246500000000000000000000000000246500000000001232600000000000739600000000000000000000000000000007042010120420101900        000000000000000CIP COMPENSACAO               930                           
1040001300029T 0600249600300000286080D00000000000000000001               30042010000000000000000237037796                         090000031032390001104954588000000000097862009177031032390001300000000000000000002220000000000                 
1040001300030U 0600000000000000000000000000419700000000000000000000000000419700000000002098500000000001259100000000000000000000000000000007042010120420101900        000000000000000CIP COMPENSACAO               930                           
1040001300031T 0600249600300000286080D00000000000000000001               30042010000000000000000237029769                         090000031050740001104974588000000000097862009177031050740001300000000000000000002220000000000                 
1040001300032U 0600000000000000000000000000198500000000000000000000000000198500000000000992300000000000595300000000000000000000000000000007042010120420101900        000000000000000CIP COMPENSACAO               930                           
1040001300033T 0600249600300000286080D00000000000000000001               30042010000000000000000341016640                         090000037604170001104914588000000000097862009177037604170001300000000000000000002220000000000                 
1040001300034U 0600000000000000000000000000319200000000000000000000000000319200000000001595900000000000957500000000000000000000000000000007042010120420101900        000000000000000CIP COMPENSACAO               930                           
1040001300035T 0600249600300000286080D00000000000000000001               30042010000000000000000409007307                         090000042109750001104934588000000000097862009177042109750001300000000000000000002220000000000                 
1040001300036U 0600000000000000000000000000045200000000000000000000000000045200000000000226000000000000135600000000000000000000000000000007042010120420101900        000000000000000CIP COMPENSACAO               930                           
1040001300037T 0600249600300000286080D00000000000000000001               30042010000000000000000356006335                         090000045727740001104904588000000000097862009177045727740001300000000000000000002220000000000                 
1040001300038U 0600000000000000000000000000087700000000000000000000000000087700000000000438700000000000263300000000000000000000000000000007042010120420101900        000000000000000CIP COMPENSACAO               930                           
1040001300039T 0600249600300000286080D00000000000000000001               30042010000000000000000356006335                         090000045777230001104904588000000000097862009177045777230001300000000000000000002220000000000                 
1040001300040U 0600000000000000000000000000454400000000000000000000000000454400000000002271800000000001363000000000000000000000000000000007042010120420101900        000000000000000CIP COMPENSACAO               930                           
1040001300041T 0600249600300000286080D00000000000000000001               30042010000000000000000356008273                         090000053102400001104904588000000000097862009177053102400001300000000000000000002220000000000                 
1040001300042U 0600000000000000000000000000283500000000000000000000000000283500000000001417500000000000850500000000000000000000000000000007042010120420101900        000000000000000CIP COMPENSACAO               930                           
1040001300043T 0600249600300000286080D00000000000000000001               30042010000000000000000237033596                         090000061037300001104954588000000000097862009177061037300001300000000000000000002220000000000                 
1040001300044U 0600000000000000000000000000272300000000000000000000000000272300000000001361500000000000816900000000000000000000000000000007042010120420101900        000000000000000CIP COMPENSACAO               930                           
1040001300045T 0600249600300000286080D00000000000000000001               30042010000000000004826341007455                         090000062961040001104914588000000482697862008177062961040001110000000000000000002220000000000                 
1040001300046U 0600000000000000000000000000096500000000000000000000000000096500000000000482600000000000289600000000000000000000000000000007042010120420101900        000000000000000CIP COMPENSACAO               811                           
1040001300047T 0600249600300000286080D00000000000000000001               30042010000000000006941356005606                         090000067515150815104904588000000694197862006177067515150815390000000000000000002220000000000                 
1040001300048U 0600000000000000000000000000138800000000000000000000000000138800000000000694100000000000416500000000000000000000000000000007042010120420101900        000000000000000CIP COMPENSACAO               639                           
1040001300049T 0600249600300000286080D00000000000000000001               30042010000000000002449341000680                         090000070050530001104914588000000244997862008177070050530001110000000000000000002220000000000                 
1040001300050U 0600000000000000000000000000049000000000000000000000000000049000000000000244900000000000146900000000000000000000000000000007042010120420101900        000000000000000CIP COMPENSACAO               811                           
1040001300051T 0600249600300000286080D00000000000000000001               30042010000000000000000341007757                         090000073538070001104944588000000000097862009177073538070001300000000000000000002220000000000                 
1040001300052U 0600000000000000000000000000316300000000000000000000000000316300000000001581300000000000948700000000000000000000000000000007042010120420101900        000000000000000CIP COMPENSACAO               930                           
1040001300053T 0600249600300000286080D00000000000000000001               30042010000000000000000341008850                         090000082893520001104914588000000000097862009177082893520001300000000000000000002220000000000                 
1040001300054U 0600000000000000000000000000274400000000000000000000000000274400000000001372000000000000823200000000000000000000000000000007042010120420101900        000000000000000CIP COMPENSACAO               930                           
1040001300055T 0600249600300000286080D00000000000000000001               30042010000000000002809341073733                         090000103043040001104974588000000280997862008177103043040001110000000000000000002220000000000                 
1040001300056U 0600000000000000000000000000056200000000000000000000000000056200000000000280900000000000168500000000000000000000000000000007042010120420101900        000000000000000CIP COMPENSACAO               811                           
1040001300057T 0600249600300000286080D00000000000000000001               30042010000000000002347341000574                         090000301200070402104914588000000234797862006177301200070402490000000000000000002220000000000                 
1040001300058U 0600000000000000000000000000046900000000000000000000000000046900000000000234700000000000140900000000000000000000000000000007042010120420101900        000000000000000CIP COMPENSACAO               649                           
1040001300059T 0600249600300000286080D00000000000000000001               30042010000000000000000237003018                         090000388791930001104914588000000000097862009177388791930001300000000000000000002220000000000                 
1040001300060U 0600000000000000000000000000045300000000000000000000000000045300000000000226700000000000136100000000000000000000000000000007042010120420101900        000000000000000CIP COMPENSACAO               930                           
1040001300061T 0600249600300000286080D00000000000000000001               30042010000000000000000356008273                         090000538287860001104904588000000000097862009177538287860001300000000000000000002220000000000                 
1040001300062U 0600000000000000000000000000354600000000000000000000000000354600000000001772800000000001063600000000000000000000000000000007042010120420101900        000000000000000CIP COMPENSACAO               930                           
1040001300063T 0600249600300000286080D00000000000000000001               30042010000000000000000341000566                         090000538348670001104974588000000000097862009177538348670001300000000000000000002220000000000                 
1040001300064U 0600000000000000000000000000453200000000000000000000000000453200000000002265800000000001359400000000000000000000000000000007042010120420101900        000000000000000CIP COMPENSACAO               930                           
1040001300065T 0600249600300000286080D00000000000000000001               30042010000000000000000033006793                         090000540239320001104934588000000000097862009177540239320001300000000000000000002220000000000                 
1040001300066U 0600000000000000000000000000259900000000000000000000000000259900000000001299500000000000779700000000000000000000000000000007042010120420101900        000000000000000CIP COMPENSACAO               930                           
1040001300067T 0600249600300000286080D00000000000000000001               30042010000000000000000341005258                         090000540595630001104914588000000000097862009177540595630001300000000000000000002220000000000                 
1040001300068U 0600000000000000000000000000222500000000000000000000000000222500000000001112500000000000667500000000000000000000000000000007042010120420101900        000000000000000CIP COMPENSACAO               930                           
1040001300069T 0600249600300000286080D00000000000000000001               30042010000000000000000237038326                         090000540595890001104914588000000000097862009177540595890001300000000000000000002220000000000                 
1040001300070U 0600000000000000000000000000316800000000000000000000000000316800000000001584100000000000950500000000000000000000000000000007042010120420101900        000000000000000CIP COMPENSACAO               930                           
1040001300071T 0600249600300000286080D00000000000000000001               30042010000000000000000237037796                         090000540631690001104984588000000000097862009177540631690001300000000000000000002220000000000                 
1040001300072U 0600000000000000000000000000231000000000000000000000000000231000000000001155200000000000693200000000000000000000000000000007042010120420101900        000000000000000CIP COMPENSACAO               930                           
1040001300073T 0600249600300000286080D00000000000000000001               30042010000000000000000237037796                         090000540700810001104964588000000000097862009177540700810001300000000000000000002220000000000                 
1040001300074U 0600000000000000000000000000407200000000000000000000000000407200000000002036200000000001221800000000000000000000000000000007042010120420101900        000000000000000CIP COMPENSACAO               930                           
1040001300075T 0600249600300000286080D00000000000000000001               30042010000000000000000341002100                         090000542193810001104994588000000000097862009177542193810001300000000000000000002220000000000                 
1040001300076U 0600000000000000000000000000104700000000000000000000000000104700000000000523300000000000313900000000000000000000000000000007042010120420101900        000000000000000CIP COMPENSACAO               930                           
1040001300077T 0600249600300000286080D00000000000000000001               30042010000000000000000237031917                         090000542761000001104914588000000000097862009177542761000001300000000000000000002220000000000                 
1040001300078U 0600000000000000000000000000583300000000000000000000000000583300000000002916700000000001750100000000000000000000000000000007042010120420101900        000000000000000CIP COMPENSACAO               930                           
1040001300079T 0600249600300000286080D00000000000000000001               30042010000000000000000341007722                         090000542767010001104934588000000000097862009177542767010001300000000000000000002220000000000                 
1040001300080U 0600000000000000000000000000662800000000000000000000000000662800000000003314100000000001988500000000000000000000000000000007042010120420101900        000000000000000CIP COMPENSACAO               930                           
1040001300081T 0600249600300000286080D00000000000000000001               30042010000000000000000237027758                         090000542812740001104934588000000000097862009177542812740001300000000000000000002220000000000                 
1040001300082U 0600000000000000000000000000047000000000000000000000000000047000000000000235000000000000141000000000000000000000000000000007042010120420101900        000000000000000CIP COMPENSACAO               930                           
1040001300083T 0600249600300000286080D00000000000000000001               30042010000000000000000341000574                         090000543676770001104914588000000000097862009177543676770001300000000000000000002220000000000                 
1040001300084U 0600000000000000000000000000537800000000000000000000000000537800000000002689100000000001613500000000000000000000000000000007042010120420101900        000000000000000CIP COMPENSACAO               930                           
1040001300085T 0600249600300000286080D00000000000000000001               30042010000000000000000341003336                         090000544614880001104914588000000000097862009177544614880001300000000000000000002220000000000                 
1040001300086U 0600000000000000000000000000136500000000000000000000000000136500000000000682400000000000409400000000000000000000000000000007042010120420101900        000000000000000CIP COMPENSACAO               930                           
1040001300087T 0600249600300000286080D00000000000000000001               30042010000000000000000237029769                         090000544893070001104964588000000000097862009177544893070001300000000000000000002220000000000                 
1040001300088U 0600000000000000000000000000915100000000000000000000000000915100000000004575700000000002745500000000000000000000000000000007042010120420101900        000000000000000CIP COMPENSACAO               930                           
1040001300089T 0600249600300000286080D00000000000000000001               30042010000000000000000341008850                         090000545284010001104984588000000000097862009177545284010001300000000000000000002220000000000                 
1040001300090U 0600000000000000000000000000323800000000000000000000000000323800000000001619000000000000971400000000000000000000000000000007042010120420101900        000000000000000CIP COMPENSACAO               930                           
1040001300091T 0600249600300000286080D00000000000000000001               30042010000000000000000356017485                         090000545353310001104904588000000000097862009177545353310001300000000000000000002220000000000                 
1040001300092U 0600000000000000000000000000188000000000000000000000000000188000000000000940000000000000564000000000000000000000000000000007042010120420101900        000000000000000CIP COMPENSACAO               930                           
1040001300093T 0600249600300000286080D00000000000000000001               30042010000000000002613356011754                         090000545370300001104904588000000261397862008177545370300001110000000000000000002220000000000                 
1040001300094U 0600000000000000000000000000052300000000000000000000000000052300000000000261300000000000156700000000000000000000000000000007042010120420101900        000000000000000CIP COMPENSACAO               811                           
1040001300095T 0600249600300000286080D00000000000000000001               07101997000000000000000341006726                         090000552323910001104900000000000000097862009177552323910001430000000000000000002220000000000                 
1040001300096U 0600000000000000000000000000044900000000000000000000000000044900000000000224700000000000134900000000000000000000000000000007042010120420101900        000000000000000CIP COMPENSACAO               943                           
1040001300097T 0600249600300000286080D00000000000000000001               30042010000000000000000356009865                         090000559398130001104904588000000000097862009177559398130001300000000000000000002220000000000                 
1040001300098U 0600000000000000000000000000194100000000000000000000000000194100000000000970600000000000582400000000000000000000000000000007042010120420101900        000000000000000CIP COMPENSACAO               930                           
1040001300099T 0600249600300000286080D00000000000000000001               30042010000000000069287237023701                         090000559518910001104934588000006928797862008177559518910001110000000000000000002220000000000                 
1040001300100U 0600000000000000000000000001385700000000000000000000000001385700000000006928700000000004157300000000000000000000000000000007042010120420101900        000000000000000CIP COMPENSACAO               811                           
1040001300101T 0600249600300000286080D00000000000000000001               30042010000000000015361341001384                         090000572755470001104974588000001536197862009177572755470001600000000000000000002220000000000                 
1040001300102U 0600000000000000000000000000307200000000000000000000000000307200000000001536100000000000921700000000000000000000000000000007042010120420101900        000000000000000CIP COMPENSACAO               960                           
1040001300103T 0600249600300000286080D00000000000000000001               30042010000000000000000341001511                         090000578103760001104914588000000000097862009177578103760001300000000000000000002220000000000                 
1040001300104U 0600000000000000000000000000053100000000000000000000000000053100000000000265400000000000159200000000000000000000000000000007042010120420101900        000000000000000CIP COMPENSACAO               930                           
1040001300105T 0600249600300000286080D00000000000000000001               30042010000000000000000237029769                         090000584100280001104964588000000000097862009177584100280001300000000000000000002220000000000                 
1040001300106U 0600000000000000000000000000427400000000000000000000000000427400000000002137200000000001282400000000000000000000000000000007042010120420101900        000000000000000CIP COMPENSACAO               930                           
1040001300107T 0600249600300000286080D00000000000000000001               30042010000000000000000341006173                         090000584191280001104914588000000000097862009177584191280001300000000000000000002220000000000                 
1040001300108U 0600000000000000000000000000057200000000000000000000000000057200000000000286000000000000171600000000000000000000000000000007042010120420101900        000000000000000CIP COMPENSACAO               930                           
1040001300109T 0600249600300000286080D00000000000000000001               30042010000000000000000341016187                         090000594854250001104964588000000000097862009177594854250001300000000000000000002220000000000                 
1040001300110U 0600000000000000000000000000464600000000000000000000000000464600000000002323200000000001394000000000000000000000000000000007042010120420101900        000000000000000CIP COMPENSACAO               930                           
1040001300111T 0600249600300000286080D00000000000000000001               30042010000000000000000341006602                         090000595708200001104984588000000000097862009177595708200001300000000000000000002220000000000                 
1040001300112U 0600000000000000000000000000282600000000000000000000000000282600000000001412800000000000847600000000000000000000000000000007042010120420101900        000000000000000CIP COMPENSACAO               930                           
1040001300113T 0600249600300000286080D00000000000000000001               30042010000000000002450341006602                         090000607421030001104934588000000245097862008177607421030001110000000000000000002220000000000                 
1040001300114U 0600000000000000000000000000049000000000000000000000000000049000000000000245000000000000147000000000000000000000000000000007042010120420101900        000000000000000CIP COMPENSACAO               811                           
1040001300115T 0600249600300000286080D00000000000000000001               30042010000000000000000237031445                         090000609119220001104954588000000000097862009177609119220001300000000000000000002220000000000                 
1040001300116U 0600000000000000000000000000047600000000000000000000000000047600000000000237900000000000142700000000000000000000000000000007042010120420101900        000000000000000CIP COMPENSACAO               930                           
1040001300117T 0600249600300000286080D00000000000000000001               30042010000000000000000341040932                         090000613675870001104944588000000000097862009177613675870001300000000000000000002220000000000                 
1040001300118U 0600000000000000000000000000287900000000000000000000000000287900000000001439400000000000863600000000000000000000000000000007042010120420101900        000000000000000CIP COMPENSACAO               930                           
1040001300119T 0600249600300000286080D00000000000000000001               30042010000000000000000237001376                         090000618536020001104964588000000000097862009177618536020001300000000000000000002220000000000                 
1040001300120U 0600000000000000000000000000045000000000000000000000000000045000000000000225000000000000135000000000000000000000000000000007042010120420101900        000000000000000CIP COMPENSACAO               930                           
1040001300121T 0600249600300000286080D00000000000000000001               30042010000000000000000237030031                         090000620317600001104934588000000000097862009177620317600001300000000000000000002220000000000                 
1040001300122U 0600000000000000000000000000290200000000000000000000000000290200000000001451200000000000870800000000000000000000000000000007042010120420101900        000000000000000CIP COMPENSACAO               930                           
1040001300123T 0600249600300000286080D00000000000000000001               30042010000000000000000341007870                         090000622746000001104924588000000000097862009177622746000001300000000000000000002220000000000                 
1040001300124U 0600000000000000000000000000060100000000000000000000000000060100000000000300300000000000180100000000000000000000000000000007042010120420101900        000000000000000CIP COMPENSACAO               930                           
1040001300125T 0600249600300000286080D00000000000000000001               30042010000000000000000237017884                         090000624609100001104944588000000000097862009177624609100001300000000000000000002220000000000                 
1040001300126U 0600000000000000000000000000050800000000000000000000000000050800000000000253900000000000152300000000000000000000000000000007042010120420101900        000000000000000CIP COMPENSACAO               930                           
1040001300127T 0600249600300000286080D00000000000000000001               30042010000000000035484341001384                         090000640267680001104964588000003548497862008177640267680001110000000000000000002220000000000                 
1040001300128U 0600000000000000000000000000709700000000000000000000000000709700000000003548400000000002129000000000000000000000000000000007042010120420101900        000000000000000CIP COMPENSACAO               811                           
1040001300129T 0600249600300000286080D00000000000000000001               30042010000000000000000341007587                         090000647292700001104934588000000000097862009177647292700001300000000000000000002220000000000                 
1040001300130U 0600000000000000000000000000070700000000000000000000000000070700000000000353300000000000211900000000000000000000000000000007042010120420101900        000000000000000CIP COMPENSACAO               930                           
1040001300131T 0600249600300000286080D00000000000000000001               30042010000000000000000033002062                         090000649105730001104954588000000000097862009177649105730001300000000000000000002220000000000                 
1040001300132U 0600000000000000000000000000349400000000000000000000000000349400000000001747200000000001048400000000000000000000000000000007042010120420101900        000000000000000CIP COMPENSACAO               930                           
1040001300133T 0600249600300000286080D00000000000000000001               30042010000000000000000237013110                         090000649131630001104924588000000000097862009177649131630001300000000000000000002220000000000                 
1040001300134U 0600000000000000000000000000044900000000000000000000000000044900000000000224500000000000134700000000000000000000000000000007042010120420101900        000000000000000CIP COMPENSACAO               930                           
1040001300135T 0600249600300000286080D00000000000000000001               30042010000000000000000341037419                         090000649163230001104934588000000000097862009177649163230001300000000000000000002220000000000                 
1040001300136U 0600000000000000000000000000210100000000000000000000000000210100000000001050600000000000630400000000000000000000000000000007042010120420101900        000000000000000CIP COMPENSACAO               930                           
1040001300137T 0600249600300000286080D00000000000000000001               30042010000000000000000341001708                         090000659694040001104994588000000000097862009177659694040001300000000000000000002220000000000                 
1040001300138U 0600000000000000000000000000292200000000000000000000000000292200000000001461100000000000876700000000000000000000000000000007042010120420101900        000000000000000CIP COMPENSACAO               930                           
1040001300139T 0600249600300000286080D00000000000000000001               30042010000000000000000341008443                         090000660564580001104964588000000000097862009177660564580001300000000000000000002220000000000                 
1040001300140U 0600000000000000000000000000060900000000000000000000000000060900000000000304600000000000182800000000000000000000000000000007042010120420101900        000000000000000CIP COMPENSACAO               930                           
1040001300141T 0600249600300000286080D00000000000000000001               30042010000000000000000341001520                         090000660631810001104924588000000000097862009177660631810001300000000000000000002220000000000                 
1040001300142U 0600000000000000000000000000049000000000000000000000000000049000000000000244900000000000146900000000000000000000000000000007042010120420101900        000000000000000CIP COMPENSACAO               930                           
1040001300143T 0600249600300000286080D00000000000000000001               30042010000000000000000237038326                         090000671338270001104964588000000000097862009177671338270001300000000000000000002220000000000                 
1040001300144U 0600000000000000000000000000056300000000000000000000000000056300000000000281300000000000168700000000000000000000000000000007042010120420101900        000000000000000CIP COMPENSACAO               930                           
1040001300145T 0600249600300000286080D00000000000000000001               30042010000000000000000341001708                         090000671388260001104914588000000000097862009177671388260001300000000000000000002220000000000                 
1040001300146U 0600000000000000000000000000232100000000000000000000000000232100000000001160300000000000696100000000000000000000000000000007042010120420101900        000000000000000CIP COMPENSACAO               930                           
1040001300147T 0600249600300000286080D00000000000000000001               30042010000000000000000341001767                         090000679738830001104954588000000000097862009177679738830001300000000000000000002220000000000                 
1040001300148U 0600000000000000000000000000046300000000000000000000000000046300000000000231300000000000138700000000000000000000000000000007042010120420101900        000000000000000CIP COMPENSACAO               930                           
1040001300149T 0600249600300000286080D00000000000000000001               30042010000000000000000341000370                         090000680279290001104914588000000000097862009177680279290001300000000000000000002220000000000                 
1040001300150U 0600000000000000000000000000336500000000000000000000000000336500000000001682300000000001009300000000000000000000000000000007042010120420101900        000000000000000CIP COMPENSACAO               930                           
1040001300151T 0600249600300000286080D00000000000000000001               30042010000000000000000151005290                         090000680284890001104994588000000000097862009177680284890001300000000000000000002220000000000                 
1040001300152U 0600000000000000000000000000161300000000000000000000000000161300000000000806600000000000484000000000000000000000000000000007042010120420101900        000000000000000CIP COMPENSACAO               930                           
1040001300153T 0600249600300000286080D00000000000000000001               30042010000000000000000341001678                         090000681510670001104914588000000000097862009177681510670001300000000000000000002220000000000                 
1040001300154U 0600000000000000000000000000044900000000000000000000000000044900000000000224500000000000134700000000000000000000000000000007042010120420101900        000000000000000CIP COMPENSACAO               930                           
1040001300155T 0600249600300000286080D00000000000000000001               07101997000000000000000341001406                         090000681601000001104900000000000000097862008177681601000001110000000000000000002220000000000                 
1040001300156U 0600000000000000000000000000057900000000000000000000000000057900000000000289300000000000173500000000000000000000000000000007042010120420101900        000000000000000CIP COMPENSACAO               811                           
1040001300157T 0600249600300000286080D00000000000000000001               30042010000000000000000237001198                         090000684855230001104984588000000000097862009177684855230001300000000000000000002220000000000                 
1040001300158U 0600000000000000000000000000044900000000000000000000000000044900000000000224700000000000134900000000000000000000000000000007042010120420101900        000000000000000CIP COMPENSACAO               930                           
1040001300159T 0600249600300000286080D00000000000000000001               30042010000000000000000341005932                         090000691329830001104964588000000000097862009177691329830001300000000000000000002220000000000                 
1040001300160U 0600000000000000000000000000248900000000000000000000000000248900000000001244600000000000746800000000000000000000000000000007042010120420101900        000000000000000CIP COMPENSACAO               930                           
1040001300161T 0600249600300000286080D00000000000000000001               30042010000000000000000237027758                         090000735181100001104994588000000000097862009177735181100001300000000000000000002220000000000                 
1040001300162U 0600000000000000000000000000154900000000000000000000000000154900000000000774500000000000464700000000000000000000000000000007042010120420101900        000000000000000CIP COMPENSACAO               930                           
1040001300163T 0600249600300000286080D00000000000000000001               30042010000000000000000104041505                         090000581052550001104934588000000000097862009177581052550001300000000000000000002180000000000                 
1040001300164U 0600000000000000000000000000121900000000000000000000000000121900000000000609700000000000365900000000000000000000000000000008042010120420101100        000000000000000AUTOMACAO                     930                           
1040001300165T 0600249600300000286080D00000000000000000001               30042010000000000000000104029530                         090000595805710001104914588000000000097862009177595805710001300000000000000000002180000000000                 
1040001300166U 0600000000000000000000000000046900000000000000000000000000046900000000000234700000000000140900000000000000000000000000000008042010120420101100        000000000000000AUTOMACAO                     930                           
10400015         00016600000000000000000000000000000000000000000000000000000000000000000000000000000000000000580639                           00000000000000000000000000000                                                                     
10499999         000001000170000000000              00000 000000000000                                                                        00000000000000000000000000000                                                                     
