10400000         243070481000114186200              00249600300000286080SINEMPEDIFPORTCAB MUN SP      CAIXA ECONOMICA FEDERAL                 21106201004370700128706000000                                                                     
10400011T01  030 2043070481000114186200              00249600300000286080SINEMPEDIFPORTCAB MUN SP      200501                                  000000                                  000000001106201000000000                                 
1040001300001T 0600249600300000286080D00000000000000000001               30062010000000000000000237033804                         090000046328430001104944649000000000097862009177046328430001300000000000000000002220000000000                 
1040001300002U 0600000000000000000000000000048200000000000000000000000000048200000000000241200000000000144800000000000000000000000000000008062010110620101900        000000000000000CIP COMPENSACAO               930                           
1040001300003T 0600249600300000286080D00000000000000000001               30062010000000000002247104013609                         090000052305320001104964649000000224797862008177052305320001110000000000000000002180000000000                 
1040001300004U 0600000000000000000000000000044900000000000000000000000000044900000000000224700000000000134900000000000000000000000000000009062010110620101100        000000000000000AUTOMACAO                     811                           
1040001300005T 0600249600300000286080D00000000000000000001               30042010000000000000000104030562                         090000598446880001104914588000000000097862009177598446880001300000000000000000002180000000000                 
1040001300006U 0600000000000000000000000000375800000000000000000000000000375800000000001879100000000001127500000000000000000000000000000009062010110620101100        000000000000000AUTOMACAO                     930                           
10400015         00000600000000000000000000000000000000000000000000000000000000000000000000000000000000000000014072                           00000000000000000000000000000                                                                     
10499999         000001000010000000000              00000 000000000000                                                                        00000000000000000000000000000                                                                     
