10400000         243070481000114186200              00249600300000286080SINEMPEDIFPORTCAB MUN SP      CAIXA ECONOMICA FEDERAL                 20904201004280600124406000000                                                                     
10400011T01  030 2043070481000114186200              00249600300000286080SINEMPEDIFPORTCAB MUN SP      200501                                  000000                                  000000000904201000000000                                 
1040001300001T 0600249600300000286080D00000000000000000001               30042010000000000000000237026212                         090000000562710001104954588000000000097862009177000562710001300000000000000000002220000000000                 
1040001300002U 0600000000000000000000000000317800000000000000000000000000317800000000001588900000000000953300000000000000000000000000000006042010090420101900        000000000000000CIP COMPENSACAO               930                           
1040001300003T 0600249600300000286080D00000000000000000001               30042010000000000000000341029220                         090000000562720001104984588000000000097862009177000562720001300000000000000000002220000000000                 
1040001300004U 0600000000000000000000000000036700000000000000000000000000036700000000000183600000000000110200000000000000000000000000000006042010090420101900        000000000000000CIP COMPENSACAO               930                           
1040001300005T 0600249600300000286080D00000000000000000001               30042010000000000000000237008958                         090000002190117189104914588000000000097862009177002190117189300000000000000000002220000000000                 
1040001300006U 0600000000000000000000000000049000000000000000000000000000049000000000000244900000000000146900000000000000000000000000000006042010090420101900        000000000000000CIP COMPENSACAO               930                           
1040001300007T 0600249600300000286080D00000000000000000001               30042010000000000000000356015504                         090000006097120001104904588000000000097862009177006097120001300000000000000000002220000000000                 
1040001300008U 0600000000000000000000000000417200000000000000000000000000417200000000002085900000000001251500000000000000000000000000000006042010090420101900        000000000000000CIP COMPENSACAO               930                           
1040001300009T 0600249600300000286080D00000000000000000001               30042010000000000000000237038229                         090000008280650001104974588000000000097862009177008280650001300000000000000000002220000000000                 
1040001300010U 0600000000000000000000000000072800000000000000000000000000072800000000000364000000000000218400000000000000000000000000000006042010090420101900        000000000000000CIP COMPENSACAO               930                           
1040001300011T 0600249600300000286080D00000000000000000001               30042010000000000000000237037796                         090000012578990001104924588000000000097862009177012578990001300000000000000000002220000000000                 
1040001300012U 0600000000000000000000000000086300000000000000000000000000086300000000000431400000000000258800000000000000000000000000000006042010090420101900        000000000000000CIP COMPENSACAO               930                           
1040001300013T 0600249600300000286080D00000000000000000001               30042010000000000005866237001023                         090000012701292875104964588000000586697862008177012701292875110000000000000000002220000000000                 
1040001300014U 0600000000000000000000000000117300000000000000000000000000117300000000000586600000000000352000000000000000000000000000000006042010090420101900        000000000000000CIP COMPENSACAO               811                           
1040001300015T 0600249600300000286080D00000000000000000001               30042010000000000000000237031038                         090000017119260001104984588000000000097862009177017119260001300000000000000000002220000000000                 
1040001300016U 0600000000000000000000000000169900000000000000000000000000169900000000000849400000000000509600000000000000000000000000000006042010090420101900        000000000000000CIP COMPENSACAO               930                           
1040001300017T 0600249600300000286080D00000000000000000001               30042010000000000000000237031305                         090000030884310001104914588000000000097862009177030884310001300000000000000000002220000000000                 
1040001300018U 0600000000000000000000000000061600000000000000000000000000061600000000000308100000000000184900000000000000000000000000000006042010090420101900        000000000000000CIP COMPENSACAO               930                           
1040001300019T 0600249600300000286080D00000000000000000001               30042010000000000000000237005053                         090000031634320001104914588000000000097862009177031634320001300000000000000000002220000000000                 
1040001300020U 0600000000000000000000000000049000000000000000000000000000049000000000000244900000000000146900000000000000000000000000000006042010090420101900        000000000000000CIP COMPENSACAO               930                           
1040001300021T 0600249600300000286080D00000000000000000001               30042010000000000000000341008850                         090000035363030001104944588000000000097862009177035363030001300000000000000000002220000000000                 
1040001300022U 0600000000000000000000000000386100000000000000000000000000386100000000001930700000000001158500000000000000000000000000000006042010090420101900        000000000000000CIP COMPENSACAO               930                           
1040001300023T 0600249600300000286080D00000000000000000001               30042010000000000000000341001392                         090000037835280001104994588000000000097862009177037835280001300000000000000000002220000000000                 
1040001300024U 0600000000000000000000000000034000000000000000000000000000034000000000000170000000000000102000000000000000000000000000000006042010090420101900        000000000000000CIP COMPENSACAO               930                           
1040001300025T 0600249600300000286080D00000000000000000001               30042010000000000000000237037796                         090000038677270001104944588000000000097862009177038677270001300000000000000000002220000000000                 
1040001300026U 0600000000000000000000000000081600000000000000000000000000081600000000000408200000000000245000000000000000000000000000000006042010090420101900        000000000000000CIP COMPENSACAO               930                           
1040001300027T 0600249600300000286080D00000000000000000001               07101997000000000000000341071307                         090000039932520001104900000000000000097862009177039932520001300000000000000000002220000000000                 
1040001300028U 0600000000000000000000000000390400000000000000000000000000390400000000001952000000000001171200000000000000000000000000000006042010090420101900        000000000000000CIP COMPENSACAO               930                           
1040001300029T 0600249600300000286080D00000000000000000001               30042010000000000000000237037796                         090000040177760001104914588000000000097862009177040177760001300000000000000000002220000000000                 
1040001300030U 0600000000000000000000000000199300000000000000000000000000199300000000000996600000000000598000000000000000000000000000000006042010090420101900        000000000000000CIP COMPENSACAO               930                           
1040001300031T 0600249600300000286080D00000000000000000001               30042010000000000000000341001856                         090000042272010001104914588000000000097862009177042272010001300000000000000000002220000000000                 
1040001300032U 0600000000000000000000000000056000000000000000000000000000056000000000000279800000000000167800000000000000000000000000000006042010090420101900        000000000000000CIP COMPENSACAO               930                           
1040001300033T 0600249600300000286080D00000000000000000001               30042010000000000000000237037796                         090000050425480001104914588000000000097862009177050425480001300000000000000000002220000000000                 
1040001300034U 0600000000000000000000000000081600000000000000000000000000081600000000000408200000000000245000000000000000000000000000000006042010090420101900        000000000000000CIP COMPENSACAO               930                           
1040001300035T 0600249600300000286080D00000000000000000001               30042010000000000004796341078000                         090000055583890001104914588000000479697862006177055583890001810000000000000000002220000000000                 
1040001300036U 0600000000000000000000000000095900000000000000000000000000095900000000000479600000000000287800000000000000000000000000000006042010090420101900        000000000000000CIP COMPENSACAO               681                           
1040001300037T 0600249600300000286080D00000000000000000001               30042010000000000000000237037796                         090000056001460001104954588000000000097862009177056001460001300000000000000000002220000000000                 
1040001300038U 0600000000000000000000000000087000000000000000000000000000087000000000000435000000000000261000000000000000000000000000000006042010090420101900        000000000000000CIP COMPENSACAO               930                           
1040001300039T 0600249600300000286080D00000000000000000001               30042010000000000000000341001392                         090000058544440001104964588000000000097862009177058544440001300000000000000000002220000000000                 
1040001300040U 0600000000000000000000000000318500000000000000000000000000318500000000001592500000000000955500000000000000000000000000000006042010090420101900        000000000000000CIP COMPENSACAO               930                           
1040001300041T 0600249600300000286080D00000000000000000001               30042010000000000000000356004111                         090000070047360001104904588000000000097862009177070047360001300000000000000000002220000000000                 
1040001300042U 0600000000000000000000000000049000000000000000000000000000049000000000000244900000000000146900000000000000000000000000000006042010090420101900        000000000000000CIP COMPENSACAO               930                           
1040001300043T 0600249600300000286080D00000000000000000001               30042010000000000000000237037796                         090000074681560001104914588000000000097862009177074681560001300000000000000000002220000000000                 
1040001300044U 0600000000000000000000000000081600000000000000000000000000081600000000000408200000000000245000000000000000000000000000000006042010090420101900        000000000000000CIP COMPENSACAO               930                           
1040001300045T 0600249600300000286080D00000000000000000001               30042010000000000000000341007870                         090000080996910001104954588000000000097862009177080996910001300000000000000000002220000000000                 
1040001300046U 0600000000000000000000000000138800000000000000000000000000138800000000000693900000000000416300000000000000000000000000000006042010090420101900        000000000000000CIP COMPENSACAO               930                           
1040001300047T 0600249600300000286080D00000000000000000001               30042010000000000000000237037796                         090000086071690001104914588000000000097862009177086071690001300000000000000000002220000000000                 
1040001300048U 0600000000000000000000000000297800000000000000000000000000297800000000001489200000000000893600000000000000000000000000000006042010090420101900        000000000000000CIP COMPENSACAO               930                           
1040001300049T 0600249600300000286080D00000000000000000001               30042010000000000000000237037796                         090000086300730001104974588000000000097862009177086300730001300000000000000000002220000000000                 
1040001300050U 0600000000000000000000000000081600000000000000000000000000081600000000000408200000000000245000000000000000000000000000000006042010090420101900        000000000000000CIP COMPENSACAO               930                           
1040001300051T 0600249600300000286080D00000000000000000001               30042010000000000000000237000930                         090000388936730001104984588000000000097862009177388936730001300000000000000000002220000000000                 
1040001300052U 0600000000000000000000000000049100000000000000000000000000049100000000000245300000000000147100000000000000000000000000000006042010090420101900        000000000000000CIP COMPENSACAO               930                           
1040001300053T 0600249600300000286080D00000000000000000001               30042010000000000000000356015814                         090000526761940001104904588000000000097862009177526761940001300000000000000000002220000000000                 
1040001300054U 0600000000000000000000000000187800000000000000000000000000187800000000000939000000000000563400000000000000000000000000000006042010090420101900        000000000000000CIP COMPENSACAO               930                           
1040001300055T 0600249600300000286080D00000000000000000001               30042010000000000009490001003875                         090000539897600001104914588000000949097862008177539897600001110000000000000000002220000000000                 
1040001300056U 0600000000000000000000000000189800000000000000000000000000189800000000000949000000000000569400000000000000000000000000000006042010090420101900        000000000000000CIP COMPENSACAO               811                           
1040001300057T 0600249600300000286080D00000000000000000001               30042010000000000000000341000272                         090000539996780001104954588000000000097862009177539996780001300000000000000000002220000000000                 
1040001300058U 0600000000000000000000000000376000000000000000000000000000376000000000001880000000000001128000000000000000000000000000000006042010090420101900        000000000000000CIP COMPENSACAO               930                           
1040001300059T 0600249600300000286080D00000000000000000001               30042010000000000000000237037796                         090000540011850001104984588000000000097862009177540011850001300000000000000000002220000000000                 
1040001300060U 0600000000000000000000000000077000000000000000000000000000077000000000000385100000000000231100000000000000000000000000000006042010090420101900        000000000000000CIP COMPENSACAO               930                           
1040001300061T 0600249600300000286080D00000000000000000001               30042010000000000000000356003727                         090000542022700001104904588000000000097862009177542022700001300000000000000000002220000000000                 
1040001300062U 0600000000000000000000000000653900000000000000000000000000653900000000003269700000000001961900000000000000000000000000000006042010090420101900        000000000000000CIP COMPENSACAO               930                           
1040001300063T 0600249600300000286080D00000000000000000001               30042010000000000000000237031917                         090000542216840001104914588000000000097862009177542216840001300000000000000000002220000000000                 
1040001300064U 0600000000000000000000000000433900000000000000000000000000433900000000002169700000000001301900000000000000000000000000000006042010090420101900        000000000000000CIP COMPENSACAO               930                           
1040001300065T 0600249600300000286080D00000000000000000001               30042010000000000000000237037796                         090000542218090001104954588000000000097862009177542218090001300000000000000000002220000000000                 
1040001300066U 0600000000000000000000000000289000000000000000000000000000289000000000001444800000000000866800000000000000000000000000000006042010090420101900        000000000000000CIP COMPENSACAO               930                           
1040001300067T 0600249600300000286080D00000000000000000001               30042010000000000000000237001058                         090000542797400001104914588000000000097862009177542797400001300000000000000000002220000000000                 
1040001300068U 0600000000000000000000000000122100000000000000000000000000122100000000000610600000000000366400000000000000000000000000000006042010090420101900        000000000000000CIP COMPENSACAO               930                           
1040001300069T 0600249600300000286080D00000000000000000001               30042010000000000006030341083313                         090000542800290001104974588000000603097862008177542800290001110000000000000000002220000000000                 
1040001300070U 0600000000000000000000000000120600000000000000000000000000120600000000000603000000000000361800000000000000000000000000000006042010090420101900        000000000000000CIP COMPENSACAO               811                           
1040001300071T 0600249600300000286080D00000000000000000001               30042010000000000000000033003891                         090000542838660001104914588000000000097862009177542838660001300000000000000000002220000000000                 
1040001300072U 0600000000000000000000000000436100000000000000000000000000436100000000002180400000000001308200000000000000000000000000000006042010090420101900        000000000000000CIP COMPENSACAO               930                           
1040001300073T 0600249600300000286080D00000000000000000001               30042010000000000000000033013501                         090000543236050001104984588000000000097862009177543236050001300000000000000000002220000000000                 
1040001300074U 0600000000000000000000000000492300000000000000000000000000492300000000002461300000000001476700000000000000000000000000000006042010090420101900        000000000000000CIP COMPENSACAO               930                           
1040001300075T 0600249600300000286080D00000000000000000001               30042010000000000002347341001520                         090000544165240001104914588000000234797862008177544165240001110000000000000000002220000000000                 
1040001300076U 0600000000000000000000000000046900000000000000000000000000046900000000000234700000000000140900000000000000000000000000000006042010090420101900        000000000000000CIP COMPENSACAO               811                           
1040001300077T 0600249600300000286080D00000000000000000001               30042010000000000000000341007722                         090000546056880001104994588000000000097862009177546056880001300000000000000000002220000000000                 
1040001300078U 0600000000000000000000000000661300000000000000000000000000661300000000003306400000000001983800000000000000000000000000000006042010090420101900        000000000000000CIP COMPENSACAO               930                           
1040001300079T 0600249600300000286080D00000000000000000001               30042010000000000000000341008443                         090000550675810001104964588000000000097862009177550675810001300000000000000000002220000000000                 
1040001300080U 0600000000000000000000000001021600000000000000000000000001021600000000005108000000000003064800000000000000000000000000000006042010090420101900        000000000000000CIP COMPENSACAO               930                           
1040001300081T 0600249600300000286080D00000000000000000001               30042010000000000000000341001848                         090000570596930001104994588000000000097862009177570596930001300000000000000000002220000000000                 
1040001300082U 0600000000000000000000000000057400000000000000000000000000057400000000000287000000000000172200000000000000000000000000000006042010090420101900        000000000000000CIP COMPENSACAO               930                           
1040001300083T 0600249600300000286080D00000000000000000001               30042010000000000000000237004960                         090000577574110001104964588000000000097862009177577574110001300000000000000000002220000000000                 
1040001300084U 0600000000000000000000000000214000000000000000000000000000214000000000001070000000000000642000000000000000000000000000000006042010090420101900        000000000000000CIP COMPENSACAO               930                           
1040001300085T 0600249600300000286080D00000000000000000001               30042010000000000012624341003689                         090000581205020001104914588000001262497862008177581205020001110000000000000000002220000000000                 
1040001300086U 0600000000000000000000000000252500000000000000000000000000252500000000001262400000000000757400000000000000000000000000000006042010090420101900        000000000000000CIP COMPENSACAO               811                           
1040001300087T 0600249600300000286080D00000000000000000001               30042010000000000000000341006173                         090000598437300001104914588000000000097862009177598437300001300000000000000000002220000000000                 
1040001300088U 0600000000000000000000000000093900000000000000000000000000093900000000000469400000000000281600000000000000000000000000000006042010090420101900        000000000000000CIP COMPENSACAO               930                           
1040001300089T 0600249600300000286080D00000000000000000001               30042010000000000019900341000671                         090000604082900010104914588000001990097862008177604082900010110000000000000000002220000000000                 
1040001300090U 0600000000000000000000000000398000000000000000000000000000398000000000001990000000000001194000000000000000000000000000000006042010090420101900        000000000000000CIP COMPENSACAO               811                           
1040001300091T 0600249600300000286080D00000000000000000001               30042010000000000000000341010243                         090000625697930001104914588000000000097862009177625697930001300000000000000000002220000000000                 
1040001300092U 0600000000000000000000000000073300000000000000000000000000073300000000000366700000000000220100000000000000000000000000000006042010090420101900        000000000000000CIP COMPENSACAO               930                           
1040001300093T 0600249600300000286080D00000000000000000001               30042010000000000000000341010243                         090000625730760001104914588000000000097862009177625730760001300000000000000000002220000000000                 
1040001300094U 0600000000000000000000000000142000000000000000000000000000142000000000000710200000000000426200000000000000000000000000000006042010090420101900        000000000000000CIP COMPENSACAO               930                           
1040001300095T 0600249600300000286080D00000000000000000001               30042010000000000000000341064807                         090000625797920001104954588000000000097862009177625797920001300000000000000000002220000000000                 
1040001300096U 0600000000000000000000000000059300000000000000000000000000059300000000000296700000000000178100000000000000000000000000000006042010090420101900        000000000000000CIP COMPENSACAO               930                           
1040001300097T 0600249600300000286080D00000000000000000001               30042010000000000000000237020176                         090000641896080001104914588000000000097862009177641896080001300000000000000000002220000000000                 
1040001300098U 0600000000000000000000000000413100000000000000000000000000413100000000002065400000000001239200000000000000000000000000000006042010090420101900        000000000000000CIP COMPENSACAO               930                           
1040001300099T 0600249600300000286080D00000000000000000001               30042010000000000000000341010006                         090000655272770001104914588000000000097862009177655272770001300000000000000000002220000000000                 
1040001300100U 0600000000000000000000000000222900000000000000000000000000222900000000001114600000000000668800000000000000000000000000000006042010090420101900        000000000000000CIP COMPENSACAO               930                           
1040001300101T 0600249600300000286080D00000000000000000001               30042010000000000000000341001392                         090000684793690001104984588000000000097862009177684793690001300000000000000000002220000000000                 
1040001300102U 0600000000000000000000000000044900000000000000000000000000044900000000000224500000000000134700000000000000000000000000000006042010090420101900        000000000000000CIP COMPENSACAO               930                           
1040001300103T 0600249600300000286080D00000000000000000001               30042010000000000000000409001210                         090000688686880001104914588000000000097862009177688686880001300000000000000000002220000000000                 
1040001300104U 0600000000000000000000000000044900000000000000000000000000044900000000000224500000000000134700000000000000000000000000000006042010090420101900        000000000000000CIP COMPENSACAO               930                           
1040001300105T 0600249600300000286080D00000000000000000001               30042010000000000000000237037796                         090000692745530001104934588000000000097862009177692745530001300000000000000000002220000000000                 
1040001300106U 0600000000000000000000000000309200000000000000000000000000309200000000001546000000000000927600000000000000000000000000000006042010090420101900        000000000000000CIP COMPENSACAO               930                           
1040001300107T 0600249600300000286080D00000000000000000001               30042010000000000008757341003670                         090000692928030001104914588000000875797862008177692928030001110000000000000000002220000000000                 
1040001300108U 0600000000000000000000000000175100000000000000000000000000175100000000000875700000000000525500000000000000000000000000000006042010090420101900        000000000000000CIP COMPENSACAO               811                           
1040001300109T 0600249600300000286080D00000000000000000001               30042010000000000027160341080985                         090000717207260001104954588000002716097862008177717207260001110000000000000000002220000000000                 
1040001300110U 0600000000000000000000000000543200000000000000000000000000543200000000002716000000000001629600000000000000000000000000000006042010090420101900        000000000000000CIP COMPENSACAO               811                           
1040001300111T 0600249600300000286080D00000000000000000001               30042010000000000001466237000930                         090000869091990001104994588000000146697862006177869091990001810000000000000000002220000000000                 
1040001300112U 0600000000000000000000000000029300000000000000000000000000029300000000000146600000000000088000000000000000000000000000000006042010090420101900        000000000000000CIP COMPENSACAO               681                           
1040001300113T 0600249600300000286080D00000000000000000001               30042010000000000000000104002631                         090000002190112198104914588000000000097862009177002190112198300000000000000000002180000000000                 
1040001300114U 0600000000000000000000000000049000000000000000000000000000049000000000000244900000000000146900000000000000000000000000000007042010090420101100        000000000000000AUTOMACAO                     930                           
1040001300115T 0600249600300000286080D00000000000000000001               30042010000000000000000104013676                         090000021122060001104964588000000000097862009177021122060001300000000000000000000430000000000                 
1040001300116U 06000000000000000000000000003992000000000000000000000000003992000000000019960000000000011976000000000000000000000000000000070420100904201012I0        000000000000000INTERNET                      930                           
1040001300117T 0600249600300000286080D00000000000000000001               30042010000000000000000104002747                         090000599529030001104944588000000000097862009177599529030001300000000000000000002180000000000                 
1040001300118U 0600000000000000000000000000025200000000000000000000000000025200000000000126100000000000075700000000000000000000000000000007042010090420101100        000000000000000AUTOMACAO                     930                           
1040001300119T 0600249600300000286080D00000000000000000001               30042010000000000000000104029033                         090000660547500001104944588000000000097862009177660547500001300000000000000000002180000000000                 
1040001300120U 0600000000000000000000000000352200000000000000000000000000352200000000001761200000000001056800000000000000000000000000000007042010090420101100        000000000000000AUTOMACAO                     930                           
1040001300121T 0600249600300000286080D00000000000000000001               30042010000000000000000104002631                         090000665172440001104964588000000000097862009177665172440001300000000000000000002180000000000                 
1040001300122U 0600000000000000000000000000061400000000000000000000000000061400000000000307200000000000184400000000000000000000000000000007042010090420101100        000000000000000AUTOMACAO                     930                           
1040001300123T 0600249600300000286080D00000000000000000001               30042010000000000000000104002631                         090000671843740001104954588000000000097862009177671843740001300000000000000000002180000000000                 
1040001300124U 0600000000000000000000000000049000000000000000000000000000049000000000000244900000000000146900000000000000000000000000000007042010090420101100        000000000000000AUTOMACAO                     930                           
1040001300125T 0600249600300000286080D00000000000000000001               30042010000000000000000104002631                         090000683133290001104934588000000000097862009177683133290001300000000000000000002180000000000                 
1040001300126U 0600000000000000000000000000049000000000000000000000000000049000000000000244900000000000146900000000000000000000000000000007042010090420101100        000000000000000AUTOMACAO                     930                           
1040001300127T 0600249600300000286080D00000000000000000001               30042010000000000000000104002631                         090000683141860001104974588000000000097862009177683141860001300000000000000000002180000000000                 
1040001300128U 0600000000000000000000000000068000000000000000000000000000068000000000000340000000000000204000000000000000000000000000000007042010090420101100        000000000000000AUTOMACAO                     930                           
1040001300129T 0600249600300000286080D00000000000000000001               30042010000000000000000104002747                         090000692727060001104944588000000000097862009177692727060001300000000000000000002180000000000                 
1040001300130U 0600000000000000000000000000024500000000000000000000000000024500000000000122500000000000073500000000000000000000000000000007042010090420101100        000000000000000AUTOMACAO                     930                           
1040001300131T 0600249600300000286080D00000000000000000001               30042010000000000000000104032719                         090000869529910001104924588000000000097862009177869529910001300000000000000000002180000000000                 
1040001300132U 0600000000000000000000000000050800000000000000000000000000050800000000000254000000000000152400000000000000000000000000000007042010090420101100        000000000000000AUTOMACAO                     930                           
10400015         00013200000000000000000000000000000000000000000000000000000000000000000000000000000000000000393481                           00000000000000000000000000000                                                                     
10499999         000001000136000000000              00000 000000000000                                                                        00000000000000000000000000000                                                                     
