10400000         243070481000114186200              00249600300000286080SINEMPEDIFPORTCAB MUN SP      CAIXA ECONOMICA FEDERAL                 22505201004474800127506000000                                                                     
10400011T01  030 2043070481000114186200              00249600300000286080SINEMPEDIFPORTCAB MUN SP      200501                                  000000                                  000000002505201000000000                                 
1040001300001T 0600249600300000286080D00000000000000000001               30042010000000000000000104002496                         090000019417940001104994588000000000097862009177019417940001300000000000000000002180000000000                 
1040001300002U 0600000000000000000000000000461800000000000000000000000000461800000000002308900000000001385300000000000000000000000000000020052010250520102100        000000000000000AUTOMACAO                     930                           
1040001300003T 0600249600300000286080D00000000000000000001               31052010000000000000000237037907                         090000030482670001104994619000000000097862009177030482670001300000000000000000002220000000000                 
1040001300004U 0600000000000000000000000000050000000000000000000000000000050000000000000250000000000000150000000000000000000000000000000020052010250520101900        000000000000000CIP COMPENSACAO               930                           
1040001300005T 0600249600300000286080D00000000000000000001               30062010000000000000000237014958                         090000043962210001104974649000000000097862009177043962210001300000000000000000002220000000000                 
1040001300006U 0600000000000000000000000000046900000000000000000000000000046900000000000234700000000000140900000000000000000000000000000020052010250520101900        000000000000000CIP COMPENSACAO               930                           
1040001300007T 0600249600300000286080D00000000000000000001               30042010000000000000000104002380                         090000110583110001104954588000000000097862009177110583110001300000000000000000002180000000000                 
1040001300008U 0600000000000000000000000000561800000000000000000000000000561800000000002809000000000001685400000000000000000000000000000020052010250520102100        000000000000000AUTOMACAO                     930                           
1040001300009T 0600249600300000286080D00000000000000000001               20052010000000000002347237037516                         090000618485370001104924608000000234797862008177618485370001110000000000000000002220000000000                 
1040001300010U 0600000000000000000000000000046900000000000000000000000000046900000000000234700000000000140900000000000000000000000000000020052010250520101900        000000000000000CIP COMPENSACAO               811                           
1040001300011T 0600249600300000286080D00000000000000000001               30042010000000000000000104002496                         090000002190210615104954588000000000097862009177002190210615300000000000000000002180000000000                 
1040001300012U 0600000000000000000000000000636300000000000000000000000000636300000000003181600000000001909000000000000000000000000000000021052010250520101100        000000000000000AUTOMACAO                     930                           
1040001300013T 0600249600300000286080D00000000000000000001               30042010000000000000000104002496                         090000002190214538104954588000000000097862009177002190214538300000000000000000002180000000000                 
1040001300014U 0600000000000000000000000000379700000000000000000000000000379700000000001898700000000001139300000000000000000000000000000021052010250520101100        000000000000000AUTOMACAO                     930                           
1040001300015T 0600249600300000286080D00000000000000000001               30042010000000000000000104002496                         090000044087730001104944588000000000097862009177044087730001300000000000000000002180000000000                 
1040001300016U 0600000000000000000000000000857800000000000000000000000000857800000000004288800000000002573200000000000000000000000000000021052010250520101100        000000000000000AUTOMACAO                     930                           
1040001300017T 0600249600300000286080D00000000000000000001               30042010000000000000000104030538                         090000465535660001104994588000000000097862009177465535660001300000000000000000002180000000000                 
1040001300018U 0600000000000000000000000000060400000000000000000000000000060400000000000302000000000000181200000000000000000000000000000021052010250520101100        000000000000000AUTOMACAO                     930                           
1040001300019T 0600249600300000286080D00000000000000000001               30042010000000000000000104015725                         090000573481790001104934588000000000097862009177573481790001300000000000000000002180000000000                 
1040001300020U 0600000000000000000000000000735800000000000000000000000000735800000000003678800000000002207200000000000000000000000000000021052010250520101100        000000000000000AUTOMACAO                     930                           
10400015         00002000000000000000000000000000000000000000000000000000000000000000000000000000000000000000115124                           00000000000000000000000000000                                                                     
10499999         000001000024000000000              00000 000000000000                                                                        00000000000000000000000000000                                                                     
