10400000         243070481000114186200              00249600300000286080SINEMPEDIFPORTCAB MUN SP      CAIXA ECONOMICA FEDERAL                 21506201005021000128906000000                                                                     
10400011T01  030 2043070481000114186200              00249600300000286080SINEMPEDIFPORTCAB MUN SP      200501                                  000000                                  000000001506201000000000                                 
1040001300001T 0600249600300000286080D00000000000000000001               10062010000000000002833237003018                         090000538251050001104964629000000283397862008177538251050001110000000000000000002220000000000                 
1040001300002U 0600000000000000000000000000056700000000000000000000000000056700000000000283300000000000169900000000000000000000000000000010062010150620101900        000000000000000CIP COMPENSACAO               811                           
1040001300003T 0600249600300000286080D00000000000000000001               30062010000000000002827341037532                         090000538842840001104914649000000282797862004177538842840001780000000000000000002220000000000                 
1040001300004U 0600000000000000000000000000056500000000000000000000000000056500000000000282700000000000169700000000000000000000000000000010062010150620101900        000000000000000CIP COMPENSACAO               478                           
1040001300005T 0600249600300000286080D00000000000000000001               10062010000000000003147237003018                         090000542047300001104914629000000314797862008177542047300001110000000000000000002220000000000                 
1040001300006U 0600000000000000000000000000062900000000000000000000000000062900000000000314700000000000188900000000000000000000000000000010062010150620101900        000000000000000CIP COMPENSACAO               811                           
1040001300007T 0600249600300000286080D00000000000000000001               10062010000000000009374341007099                         090000618567950001104914629000000937497862008177618567950001110000000000000000002220000000000                 
1040001300008U 0600000000000000000000000000187500000000000000000000000000187500000000000937400000000000562400000000000000000000000000000010062010150620101900        000000000000000CIP COMPENSACAO               811                           
10400015         00000800000000000000000000000000000000000000000000000000000000000000000000000000000000000000010909                           00000000000000000000000000000                                                                     
10499999         000001000012000000000              00000 000000000000                                                                        00000000000000000000000000000                                                                     
