10400000         243070481000114186200              00249600300000286080SINEMPEDIFPORTCAB MUN SP      CAIXA ECONOMICA FEDERAL                 23105201005040200127906000000                                                                     
10400011T01  030 2043070481000114186200              00249600300000286080SINEMPEDIFPORTCAB MUN SP      200501                                  000000                                  000000003105201000000000                                 
1040001300001T 0600249600300000286080D00000000000000000001               28052010000000000002350341007099                         090000060900660001104914616000000235097862005177060900660001510000000000000000002220000000000                 
1040001300002U 0600000000000000000000000000047000000000000000000000000000047000000000000235000000000000141000000000000000000000000000000026052010310520101900        000000000000000CIP COMPENSACAO               551                           
1040001300003T 0600249600300000286080D00000000000000000001               28052010000000000002350341007099                         090000540308950001104914616000000235097862005177540308950001510000000000000000002220000000000                 
1040001300004U 0600000000000000000000000000047000000000000000000000000000047000000000000235000000000000141000000000000000000000000000000026052010310520101900        000000000000000CIP COMPENSACAO               551                           
1040001300005T 0600249600300000286080D00000000000000000001               28052010000000000006926341007099                         090000578644980001104974616000000692697862005177578644980001510000000000000000002220000000000                 
1040001300006U 0600000000000000000000000000138500000000000000000000000000138500000000000692600000000000415600000000000000000000000000000026052010310520101900        000000000000000CIP COMPENSACAO               551                           
1040001300007T 0600249600300000286080D00000000000000000001               30042010000000000000000104029955                         090000042178910001104994588000000000097862009177042178910001300000000000000000002180000000000                 
1040001300008U 0600000000000000000000000000054500000000000000000000000000054500000000000272500000000000163500000000000000000000000000000027052010310520101100        000000000000000AUTOMACAO                     930                           
1040001300009T 0600249600300000286080D00000000000000000001               30042010000000000000000104030074                         090000076914370001104944588000000000097862009177076914370001300000000000000000002180000000000                 
1040001300010U 0600000000000000000000000000523500000000000000000000000000523500000000002617400000000001570400000000000000000000000000000027052010310520101100        000000000000000AUTOMACAO                     930                           
1040001300011T 0600249600300000286080D00000000000000000001               30042010000000000000000104013706                         090000543689230001104924588000000000097862009177543689230001300000000000000000002180000000000                 
1040001300012U 0600000000000000000000000000197700000000000000000000000000197700000000000988700000000000593300000000000000000000000000000027052010310520101100        000000000000000AUTOMACAO                     930                           
1040001300013T 0600249600300000286080D00000000000000000001               30042010000000000003117104031178                         090000739501980001104924588000000311797862009177739501980001600000000000000000002180000000000                 
1040001300014U 0600000000000034200000000000062300000000000000000000000000062300000000000345900000000000221300000000000000000000000000000027052010310520101100        000000000000000AUTOMACAO                     960                           
10400015         00001400000000000000000000000000000000000000000000000000000000000000000000000000000000000000032461                           00000000000000000000000000000                                                                     
10499999         000001000018000000000              00000 000000000000                                                                        00000000000000000000000000000                                                                     
