10400000         243070481000114186200              00249600300000286080SINEMPEDIFPORTCAB MUN SP      CAIXA ECONOMICA FEDERAL                 22805201004292000127806000000                                                                     
10400011T01  030 2043070481000114186200              00249600300000286080SINEMPEDIFPORTCAB MUN SP      200501                                  000000                                  000000002805201000000000                                 
1040001300001T 0600249600300000286080D00000000000000000001               31052010000000000000000237033910                         090000070314140001104994619000000000097862009177070314140001300000000000000000002220000000000                 
1040001300002U 0600000000000000000000000000049100000000000000000000000000049100000000000245300000000000147100000000000000000000000000000025052010280520101900        000000000000000CIP COMPENSACAO               930                           
1040001300003T 0600249600300000286080D00000000000000000001               30052010000000000002347341007587                         090000545267440001104914618000000234797862005177545267440001510000000000000000002220000000000                 
1040001300004U 0600000000000000000000000000046900000000000000000000000000046900000000000234700000000000140900000000000000000000000000000025052010280520101900        000000000000000CIP COMPENSACAO               551                           
1040001300005T 0600249600300000286080D00000000000000000001               31052010000000000005838341007420                         090000590872960001104954619000000583897862008177590872960001110000000000000000002220000000000                 
1040001300006U 0600000000000000000000000000116800000000000000000000000000116800000000000583800000000000350200000000000000000000000000000025052010280520101900        000000000000000CIP COMPENSACAO               811                           
1040001300007T 0600249600300000286080D00000000000000000001               07101997000000000000000341000671                         090000625781090001104900000000000000097862008177625781090001110000000000000000002220000000000                 
1040001300008U 0600000000000000000000000000060000000000000000000000000000060000000000000300000000000000180000000000000000000000000000000025052010280520101900        000000000000000CIP COMPENSACAO               811                           
1040001300009T 0600249600300000286080D00000000000000000001               26052010000000000017810341005932                         090000660669000100104924614000001781097862008177660669000100110000000000000000002220000000000                 
1040001300010U 0600000000000000000000000000356200000000000000000000000000356200000000001781000000000001068600000000000000000000000000000025052010280520101900        000000000000000CIP COMPENSACAO               811                           
1040001300011T 0600249600300000286080D00000000000000000001               28052010000000000002582237038440                         090000953212700012104914616000000258297862008177953212700012110000000000000000002220000000000                 
1040001300012U 0600000000000000000000000000051600000000000000000000000000051600000000000258200000000000155000000000000000000000000000000025052010280520101900        000000000000000CIP COMPENSACAO               811                           
1040001300013T 0600249600300000286080D00000000000000000001               30042010000000000000000104006890                         090000002190502153104914588000000000097862009177002190502153300000000000000000002180000000000                 
1040001300014U 0600000000000000000000000000100800000000000000000000000000100800000000000504200000000000302600000000000000000000000000000026052010280520101100        000000000000000AUTOMACAO                     930                           
1040001300015T 0600249600300000286080D00000000000000000001               30042010000000000006800104012220                         090000086672020001104944588000000680097862004177086672020001120000000000000000002180000000000                 
1040001300016U 0600000000000074800000000000136000000000000000000000000000136000000000000754800000000000482800000000000000000000000000000026052010280520101100        000000000000000AUTOMACAO                     412                           
1040001300017T 0600249600300000286080D00000000000000000001               30042010000000000000000104040746                         090000592925650001104954588000000000097862009177592925650001300000000000000000002180000000000                 
1040001300018U 0600000000000000000000000000208700000000000000000000000000208700000000001043400000000000626000000000000000000000000000000026052010280520101100        000000000000000AUTOMACAO                     930                           
1040001300019T 0600249600300000286080D00000000000000000001               30042010000000000000000104015989                         090000594807230001104994588000000000097862009177594807230001300000000000000000002180000000000                 
1040001300020U 0600000000000000000000000000310400000000000000000000000000310400000000001551800000000000931000000000000000000000000000000026052010280520101100        000000000000000AUTOMACAO                     930                           
10400015         00002000000000000000000000000000000000000000000000000000000000000000000000000000000000000000043842                           00000000000000000000000000000                                                                     
10499999         000001000024000000000              00000 000000000000                                                                        00000000000000000000000000000                                                                     
