10400000         243070481000114186200              00249600300000286080SINEMPEDIFPORTCAB MUN SP      CAIXA ECONOMICA FEDERAL                 20906201004451500128506000000                                                                     
10400011T01  030 2043070481000114186200              00249600300000286080SINEMPEDIFPORTCAB MUN SP      200501                                  000000                                  000000000906201000000000                                 
1040001300001T 0600249600300000286080D00000000000000000001               31072010000000000000000104041599                         090000614095120001104914680000000000097862009177614095120001300000000000000000002180000000000                 
1040001300002U 0600000000000000000000000000044900000000000000000000000000044900000000000224500000000000134700000000000000000000000000000007062010090620101100        000000000000000AUTOMACAO                     930                           
10400015         00000200000000000000000000000000000000000000000000000000000000000000000000000000000000000000001347                           00000000000000000000000000000                                                                     
10499999         000001000006000000000              00000 000000000000                                                                        00000000000000000000000000000                                                                     
