10400000         243070481000114186200              00249600300000286080SINEMPEDIFPORTCAB MUN SP      CAIXA ECONOMICA FEDERAL                 21305201004505200126706000000                                                                     
10400011T01  030 2043070481000114186200              00249600300000286080SINEMPEDIFPORTCAB MUN SP      200501                                  000000                                  000000001305201000000000                                 
1040001300001T 0600249600300000286080D00000000000000000001               10052010000000000000000237001066                         090000572845800001104994598000000000097862009177572845800001300000000000000000002220000000000                 
1040001300002U 0600000000000000000000000000231700000000000000000000000000231700000000001158400000000000695000000000000000000000000000000010052010130520101900        000000000000000CIP COMPENSACAO               930                           
1040001300003T 0600249600300000286080D00000000000000000001               30042010000000000000000104013706                         090000055678160001104914588000000000097862009177055678160001300000000000000000001090000000000                 
1040001300004U 0600000000000000000000000000100200000000000000000000000000100200000000000500800000000000300400000000000000000000000000000011052010130520101700        000000000000000LOTERICOS SISPL               930                           
1040001300005T 0600249600300000286080D00000000000000000001               30042010000000000000000104002496                         090000090239370001104914588000000000097862009177090239370001300000000000000000002180000000000                 
1040001300006U 0600000000000000000000000000352800000000000000000000000000352800000000001764100000000001058500000000000000000000000000000011052010130520101100        000000000000000AUTOMACAO                     930                           
1040001300007T 0600249600300000286080D00000000000000000001               30042010000000000000000104015725                         090000105053900001104964588000000000097862009177105053900001300000000000000000002180000000000                 
1040001300008U 0600000000000000000000000000177900000000000000000000000000177900000000000889400000000000533600000000000000000000000000000011052010130520101100        000000000000000AUTOMACAO                     930                           
1040001300009T 0600249600300000286080D00000000000000000001               30042010000000000000000104002496                         090000109331830001104924588000000000097862009177109331830001300000000000000000002180000000000                 
1040001300010U 0600000000000000000000000000158100000000000000000000000000158100000000000790300000000000474100000000000000000000000000000011052010130520101100        000000000000000AUTOMACAO                     930                           
1040001300011T 0600249600300000286080D00000000000000000001               30042010000000000000000104002496                         090000388946970001104914588000000000097862009177388946970001300000000000000000002180000000000                 
1040001300012U 0600000000000000000000000000174100000000000000000000000000174100000000000870500000000000522300000000000000000000000000000011052010130520101100        000000000000000AUTOMACAO                     930                           
1040001300013T 0600249600300000286080D00000000000000000001               30042010000000000000000104002496                         090000538296510001104924588000000000097862009177538296510001300000000000000000002180000000000                 
1040001300014U 0600000000000000000000000000397600000000000000000000000000397600000000001988100000000001192900000000000000000000000000000011052010130520101100        000000000000000AUTOMACAO                     930                           
1040001300015T 0600249600300000286080D00000000000000000001               30042010000000000000000104013706                         090000539834660001104914588000000000097862009177539834660001300000000000000000001090000000000                 
1040001300016U 0600000000000000000000000000335000000000000000000000000000335000000000001674800000000001004800000000000000000000000000000011052010130520101700        000000000000000LOTERICOS SISPL               930                           
1040001300017T 0600249600300000286080D00000000000000000001               30042010000000000000000104002496                         090000540021260001104974588000000000097862009177540021260001300000000000000000002180000000000                 
1040001300018U 0600000000000000000000000000528200000000000000000000000000528200000000002641100000000001584700000000000000000000000000000011052010130520101100        000000000000000AUTOMACAO                     930                           
1040001300019T 0600249600300000286080D00000000000000000001               30042010000000000000000104040762                         090000540613530001104914588000000000097862009177540613530001300000000000000000002180000000000                 
1040001300020U 0600000000000000000000000000337800000000000000000000000000337800000000001688800000000001013200000000000000000000000000000011052010130520101100        000000000000000AUTOMACAO                     930                           
1040001300021T 0600249600300000286080D00000000000000000001               30042010000000000000000104002496                         090000541988410001104914588000000000097862009177541988410001300000000000000000002180000000000                 
1040001300022U 0600000000000000000000000000274600000000000000000000000000274600000000001372900000000000823700000000000000000000000000000011052010130520101100        000000000000000AUTOMACAO                     930                           
1040001300023T 0600249600300000286080D00000000000000000001               30042010000000000000000104015725                         090000543257090001104914588000000000097862009177543257090001300000000000000000002180000000000                 
1040001300024U 0600000000000000000000000000542500000000000000000000000000542500000000002712400000000001627400000000000000000000000000000011052010130520101100        000000000000000AUTOMACAO                     930                           
1040001300025T 0600249600300000286080D00000000000000000001               30042010000000000000000104002496                         090000544605550001104984588000000000097862009177544605550001300000000000000000002180000000000                 
1040001300026U 0600000000000000000000000000301600000000000000000000000000301600000000001508200000000000905000000000000000000000000000000011052010130520101100        000000000000000AUTOMACAO                     930                           
1040001300027T 0600249600300000286080D00000000000000000001               30042010000000000000000104002496                         090000545809230001104984588000000000097862009177545809230001300000000000000000002180000000000                 
1040001300028U 0600000000000000000000000000109800000000000000000000000000109800000000000549100000000000329500000000000000000000000000000011052010130520101100        000000000000000AUTOMACAO                     930                           
1040001300029T 0600249600300000286080D00000000000000000001               30042010000000000000000104002496                         090000546391820001104914588000000000097862009177546391820001300000000000000000002180000000000                 
1040001300030U 0600000000000000000000000000297100000000000000000000000000297100000000001485600000000000891400000000000000000000000000000011052010130520101100        000000000000000AUTOMACAO                     930                           
1040001300031T 0600249600300000286080D00000000000000000001               30042010000000000000000104002380                         090000549598790001104934588000000000097862009177549598790001300000000000000000002180000000000                 
1040001300032U 0600000000000000000000000000153600000000000000000000000000153600000000000768100000000000460900000000000000000000000000000011052010130520101100        000000000000000AUTOMACAO                     930                           
1040001300033T 0600249600300000286080D00000000000000000001               30042010000000000000000104041289                         090000554901140001104994588000000000097862009177554901140001300000000000000000002180000000000                 
1040001300034U 0600000000000000000000000000556000000000000000000000000000556000000000002780100000000001668100000000000000000000000000000011052010130520101100        000000000000000AUTOMACAO                     930                           
1040001300035T 0600249600300000286080D00000000000000000001               30042010000000000000000104002496                         090000589180040001104974588000000000097862009177589180040001300000000000000000002180000000000                 
1040001300036U 0600000000000000000000000000384100000000000000000000000000384100000000001920600000000001152400000000000000000000000000000011052010130520101100        000000000000000AUTOMACAO                     930                           
1040001300037T 0600249600300000286080D00000000000000000001               30042010000000000014136104002496                         090000592780360001104974588000001413697862008177592780360001120000000000000000002180000000000                 
1040001300038U 0600000000000183700000000000282700000000000000000000000000282700000000001597300000000001031900000000000000000000000000000011052010130520101100        000000000000000AUTOMACAO                     812                           
1040001300039T 0600249600300000286080D00000000000000000001               30042010000000000000000104002496                         090000618435120001104934588000000000097862009177618435120001300000000000000000002180000000000                 
1040001300040U 0600000000000000000000000000255800000000000000000000000000255800000000001278900000000000767300000000000000000000000000000011052010130520101100        000000000000000AUTOMACAO                     930                           
1040001300041T 0600249600300000286080D00000000000000000001               30042010000000000000000104002496                         090000620309030001104914588000000000097862009177620309030001300000000000000000002180000000000                 
1040001300042U 0600000000000000000000000000125800000000000000000000000000125800000000000629100000000000377500000000000000000000000000000011052010130520101100        000000000000000AUTOMACAO                     930                           
10400015         00004200000000000000000000000000000000000000000000000000000000000000000000000000000000000000184146                           00000000000000000000000000000                                                                     
10499999         000001000046000000000              00000 000000000000                                                                        00000000000000000000000000000                                                                     
