10400000         243070481000114186200              00249600300000286080SINEMPEDIFPORTCAB MUN SP      CAIXA ECONOMICA FEDERAL                 21705201004010300126906000000                                                                     
10400011T01  030 2043070481000114186200              00249600300000286080SINEMPEDIFPORTCAB MUN SP      200501                                  000000                                  000000001705201000000000                                 
1040001300001T 0600249600300000286080D00000000000000000001               30042010000000000000000104013706                         090000003096080001104914588000000000097862009177003096080001300000000000000000002180000000000                 
1040001300002U 0600000000000000000000000000517500000000000000000000000000517500000000002587300000000001552300000000000000000000000000000012052010170520102100        000000000000000AUTOMACAO                     930                           
1040001300003T 0600249600300000286080D00000000000000000001               30042010000000000000000237038237                         090000035555350001104974588000000000097862009177035555350001300000000000000000002220000000000                 
1040001300004U 0600000000000000000000000000562000000000000000000000000000562000000000002810200000000001686200000000000000000000000000000012052010170520101900        000000000000000CIP COMPENSACAO               930                           
1040001300005T 0600249600300000286080D00000000000000000001               30042010000000000000000104016179                         090000547447190001104914588000000000097862009177547447190001300000000000000000002180000000000                 
1040001300006U 0600000000000000000000000000131800000000000000000000000000131800000000000659000000000000395400000000000000000000000000000012052010170520102100        000000000000000AUTOMACAO                     930                           
1040001300007T 0600249600300000286080D00000000000000000001               30042010000000000003853104002526                         090000592929870001104944588000000385397862008177592929870001110000000000000000002180000000000                 
1040001300008U 0600000000000011600000000000077100000000000000000000000000077100000000000396900000000000242700000000000000000000000000000012052010170520102100        000000000000000AUTOMACAO                     811                           
1040001300009T 0600249600300000286080D00000000000000000001               30042010000000000015120104002496                         090000544884400001104914588000001512097862006177544884400001820000000000000000002180000000000                 
1040001300010U 0600000000000196500000000000302400000000000000000000000000302400000000001708500000000001103700000000000000000000000000000013052010170520101100        000000000000000AUTOMACAO                     682                           
1040001300011T 0600249600300000286080D00000000000000000001               30042010000000000000000104002690                         090000555786030001104964588000000000097862009177555786030001300000000000000000002180000000000                 
1040001300012U 0600000000000000000000000000313800000000000000000000000000313800000000001569200000000000941600000000000000000000000000000013052010170520101100        000000000000000AUTOMACAO                     930                           
1040001300013T 0600249600300000286080D00000000000000000001               30042010000000000000000104028886                         090000556151650001104974588000000000097862009177556151650001300000000000000000002180000000000                 
1040001300014U 0600000000000000000000000000625600000000000000000000000000625600000000003128000000000001876800000000000000000000000000000013052010170520101100        000000000000000AUTOMACAO                     930                           
10400015         00001400000000000000000000000000000000000000000000000000000000000000000000000000000000000000077987                           00000000000000000000000000000                                                                     
10499999         000001000018000000000              00000 000000000000                                                                        00000000000000000000000000000                                                                     
