10400000         243070481000114186200              00249600300000286080SINEMPEDIFPORTCAB MUN SP      CAIXA ECONOMICA FEDERAL                 22603201004190400123506000000                                                                     
10400011T01  030 2043070481000114186200              00249600300000286080SINEMPEDIFPORTCAB MUN SP      200501                                  000000                                  000000002603201000000000                                 
1040001300001T 0600249600300000286080D00000000000000000001               30042010000000000000000341000370                         090000094063530001104964588000000000097862009177094063530001300000000000000000002220000000000                 
1040001300002U 0600000000000000000000000000094000000000000000000000000000094000000000000470000000000000282000000000000000000000000000000023032010260320101900        000000000000000CIP COMPENSACAO               930                           
1040001300003T 0600249600300000286080D00000000000000000001               23032010000000000002333237038237                         090000538312850001104914550000000233397862008177538312850001110000000000000000002220000000000                 
1040001300004U 0600000000000000000000000000046700000000000000000000000000046700000000000233300000000000139900000000000000000000000000000023032010260320101900        000000000000000CIP COMPENSACAO               811                           
1040001300005T 0600249600300000286080D00000000000000000001               30042010000000000000000033021741                         090000684833200001104994588000000000097862009177684833200001300000000000000000002220000000000                 
1040001300006U 0600000000000000000000000000141200000000000000000000000000141200000000000705900000000000423500000000000000000000000000000023032010260320101900        000000000000000CIP COMPENSACAO               930                           
10400015         00000600000000000000000000000000000000000000000000000000000000000000000000000000000000000000008454                           00000000000000000000000000000                                                                     
10499999         000001000010000000000              00000 000000000000                                                                        00000000000000000000000000000                                                                     
