10400000         243070481000114186200              00249600300000286080SINEMPEDIFPORTCAB MUN SP      CAIXA ECONOMICA FEDERAL                 22206201005024800129306000000                                                                     
10400011T01  030 2043070481000114186200              00249600300000286080SINEMPEDIFPORTCAB MUN SP      200501                                  000000                                  000000002206201000000000                                 
1040001300001T 0600249600300000286080D00000000000000000001               30042010000000000028500104029211                         090000550693710001104914588000002850097862008177550693710001110000000000000000002180000000000                 
1040001300002U 0600000000000399000000000000570000000000000000000000000000570000000000003249000000000002109000000000000000000000000000000017062010220620102100        000000000000000AUTOMACAO                     811                           
1040001300003T 0600249600300000286080D00000000000000000001               30062010000000000002245237009636                         090000589289380001104924649000000224597862008177589289380001110000000000000000002220000000000                 
1040001300004U 0600000000000000000000000000044900000000000000000000000000044900000000000224500000000000134700000000000000000000000000000017062010220620101900        000000000000000CIP COMPENSACAO               811                           
1040001300005T 0600249600300000286080D00000000000000000001               31072010000000000000000341001902                         090000590873530001104914680000000000097862009177590873530001300000000000000000002220000000000                 
1040001300006U 0600000000000000000000000000049700000000000000000000000000049700000000000248600000000000149200000000000000000000000000000017062010220620101900        000000000000000CIP COMPENSACAO               930                           
1040001300007T 0600249600300000286080D00000000000000000001               31052010000000000002350237037796                         090000591774360001104934619000000235097862008177591774360001110000000000000000002220000000000                 
1040001300008U 0600000000000000000000000000047000000000000000000000000000047000000000000235000000000000141000000000000000000000000000000017062010220620101900        000000000000000CIP COMPENSACAO               811                           
10400015         00000800000000000000000000000000000000000000000000000000000000000000000000000000000000000000025339                           00000000000000000000000000000                                                                     
10499999         000001000012000000000              00000 000000000000                                                                        00000000000000000000000000000                                                                     
