10400000         243070481000114186200              00249600300000286080SINEMPEDIFPORTCAB MUN SP      CAIXA ECONOMICA FEDERAL                 22806201005004200129706000000                                                                     
10400011T01  030 2043070481000114186200              00249600300000286080SINEMPEDIFPORTCAB MUN SP      200501                                  000000                                  000000002806201000000000                                 
1040001300001T 0600249600300000286080D00000000000000000001               30062010000000000002311237038040                         090000039807630001104914649000000231197862005177039807630001510000000000000000002220000000000                 
1040001300002U 0600000000000000000000000000046200000000000000000000000000046200000000000231100000000000138700000000000000000000000000000023062010280620101900        000000000000000CIP COMPENSACAO               551                           
1040001300003T 0600249600300000286080D00000000000000000001               30062010000000000001190341007757                         090000107513890001104974649000000119097862008177107513890001110000000000000000002220000000000                 
1040001300004U 0600000000000000000000000000023800000000000000000000000000023800000000000119000000000000071400000000000000000000000000000023062010280620101900        000000000000000CIP COMPENSACAO               811                           
1040001300005T 0600249600300000286080D00000000000000000001               30062010000000000000000341004405                         090000114842090001104914649000000000097862009177114842090001300000000000000000002220000000000                 
1040001300006U 0600000000000000000000000000045000000000000000000000000000045000000000000225000000000000135000000000000000000000000000000023062010280620101900        000000000000000CIP COMPENSACAO               930                           
1040001300007T 0600249600300000286080D00000000000000000001               30062010000000000002467341007757                         090000544877490001104944649000000246797862008177544877490001110000000000000000002220000000000                 
1040001300008U 0600000000000000000000000000049300000000000000000000000000049300000000000246700000000000148100000000000000000000000000000023062010280620101900        000000000000000CIP COMPENSACAO               811                           
1040001300009T 0600249600300000286080D00000000000000000001               30062010000000000001190341007757                         090000550676800001104964649000000119097862008177550676800001110000000000000000002220000000000                 
1040001300010U 0600000000000000000000000000023800000000000000000000000000023800000000000119000000000000071400000000000000000000000000000023062010280620101900        000000000000000CIP COMPENSACAO               811                           
1040001300011T 0600249600300000286080D00000000000000000001               30062010000000000022080341004405                         090000717384210001104974649000002208097862008177717384210001110000000000000000002220000000000                 
1040001300012U 0600000000000000000000000000441600000000000000000000000000441600000000002208000000000001324800000000000000000000000000000023062010280620101900        000000000000000CIP COMPENSACAO               811                           
10400015         00001200000000000000000000000000000000000000000000000000000000000000000000000000000000000000018894                           00000000000000000000000000000                                                                     
10499999         000001000016000000000              00000 000000000000                                                                        00000000000000000000000000000                                                                     
