10400000         243070481000114186200              00249600300000286080SINEMPEDIFPORTCAB MUN SP      CAIXA ECONOMICA FEDERAL                 21905201004292800127106000000                                                                     
10400011T01  030 2043070481000114186200              00249600300000286080SINEMPEDIFPORTCAB MUN SP      200501                                  000000                                  000000001905201000000000                                 
1040001300001T 0600249600300000286080D00000000000000000001               30042010000000000000000104002445                         090000542772800001104914588000000000097862009177542772800001300000000000000000002180000000000                 
1040001300002U 0600000000000000000000000000332900000000000000000000000000332900000000001664500000000000998700000000000000000000000000000014052010190520102100        000000000000000AUTOMACAO                     930                           
1040001300003T 0600249600300000286080D00000000000000000001               30042010000000000000000104030198                         090000011628310001104944588000000000097862009177011628310001300000000000000000001090000000000                 
1040001300004U 0600000000000000000000000000083500000000000000000000000000083500000000000417500000000000250500000000000000000000000000000017052010190520101700        000000000000000LOTERICOS SISPL               930                           
1040001300005T 0600249600300000286080D00000000000000000001               30042010000000000000000104032433                         090000021032540001104914588000000000097862009177021032540001300000000000000000002180000000000                 
1040001300006U 0600000000000000000000000000425700000000000000000000000000425700000000002128400000000001277000000000000000000000000000000017052010190520101100        000000000000000AUTOMACAO                     930                           
1040001300007T 0600249600300000286080D00000000000000000001               30042010000000000000000104016551                         090000070926160001104994588000000000097862009177070926160001300000000000000000002180000000000                 
1040001300008U 0600000000000000000000000000147400000000000000000000000000147400000000000737000000000000442200000000000000000000000000000017052010190520101100        000000000000000AUTOMACAO                     930                           
1040001300009T 0600249600300000286080D00000000000000000001               30042010000000000000000104002496                         090000080980730001104914588000000000097862009177080980730001300000000000000000002180000000000                 
1040001300010U 0600000000000000000000000000058900000000000000000000000000058900000000000294500000000000176700000000000000000000000000000017052010190520101100        000000000000000AUTOMACAO                     930                           
1040001300011T 0600249600300000286080D00000000000000000001               28052010000000000002347104041289                         090000557982430001104934616000000234797862008177557982430001110000000000000000002180000000000                 
1040001300012U 0600000000000000000000000000046900000000000000000000000000046900000000000234700000000000140900000000000000000000000000000017052010190520101100        000000000000000AUTOMACAO                     811                           
1040001300013T 0600249600300000286080D00000000000000000001               30042010000000000000000104040762                         090000593885120001104914588000000000097862009177593885120001300000000000000000002180000000000                 
1040001300014U 0600000000000000000000000000268700000000000000000000000000268700000000001343700000000000806300000000000000000000000000000017052010190520101100        000000000000000AUTOMACAO                     930                           
1040001300015T 0600249600300000286080D00000000000000000001               30042010000000000000000104002496                         090000666649540001104914588000000000097862009177666649540001300000000000000000002180000000000                 
1040001300016U 0600000000000000000000000000073300000000000000000000000000073300000000000366300000000000219700000000000000000000000000000017052010190520101100        000000000000000AUTOMACAO                     930                           
1040001300017T 0600249600300000286080D00000000000000000001               30042010000000000000000104011550                         090000671389410001104984588000000000097862009177671389410001300000000000000000002180000000000                 
1040001300018U 0600000000000000000000000000050900000000000000000000000000050900000000000254400000000000152600000000000000000000000000000017052010190520101100        000000000000000AUTOMACAO                     930                           
1040001300019T 0600249600300000286080D00000000000000000001               30042010000000000000000104016551                         090000740327560001104984588000000000097862009177740327560001300000000000000000002180000000000                 
1040001300020U 0600000000000000000000000000398600000000000000000000000000398600000000001993000000000001195800000000000000000000000000000017052010190520101100        000000000000000AUTOMACAO                     930                           
10400015         00002000000000000000000000000000000000000000000000000000000000000000000000000000000000000000056604                           00000000000000000000000000000                                                                     
10499999         000001000024000000000              00000 000000000000                                                                        00000000000000000000000000000                                                                     
