10400000         243070481000114186200              00249600300000286080SINEMPEDIFPORTCAB MUN SP      CAIXA ECONOMICA FEDERAL                 20207201005033600130106000000                                                                     
10400011T01  030 2043070481000114186200              00249600300000286080SINEMPEDIFPORTCAB MUN SP      200501                                  000000                                  000000000207201000000000                                 
1040001300001T 0600249600300000286080D00000000000000000001               30062010000000000002333341037630                         090000002526948800104914649000000233397862006177002526948800810000000000000000002220000000000                 
1040001300002U 0600000000000000000000000000046700000000000000000000000000046700000000000233300000000000139900000000000000000000000000000029062010020720101900        000000000000000CIP COMPENSACAO               681                           
1040001300003T 0600249600300000286080D00000000000000000001               30062010000000000002333341029459                         090000004635750001104914649000000233397862008177004635750001110000000000000000002220000000000                 
1040001300004U 0600000000000000000000000000046700000000000000000000000000046700000000000233300000000000139900000000000000000000000000000029062010020720101900        000000000000000CIP COMPENSACAO               811                           
1040001300005T 0600249600300000286080D00000000000000000001               30062010000000000002245341000671                         090000004774860001104984649000000224597862008177004774860001110000000000000000002220000000000                 
1040001300006U 0600000000000000000000000000044900000000000000000000000000044900000000000224500000000000134700000000000000000000000000000029062010020720101900        000000000000000CIP COMPENSACAO               811                           
1040001300007T 0600249600300000286080D00000000000000000001               30062010000000000006685341001732                         090000006220530001104914649000000668597862008177006220530001110000000000000000002220000000000                 
1040001300008U 0600000000000107000000000000133700000000000000000000000000133700000000000775500000000000508100000000000000000000000000000029062010020720101900        000000000000000CIP COMPENSACAO               811                           
1040001300009T 0600249600300000286080D00000000000000000001               07101997000000000000000341029483                         090000009268590001104900000000000000097862009177009268590001300000000000000000002220000000000                 
1040001300010U 0600000000000000000000000000058700000000000000000000000000058700000000000293300000000000175900000000000000000000000000000029062010020720101900        000000000000000CIP COMPENSACAO               930                           
1040001300011T 0600249600300000286080D00000000000000000001               30062010000000000002245341000671                         090000010551990001104994649000000224597862008177010551990001110000000000000000002220000000000                 
1040001300012U 0600000000000000000000000000044900000000000000000000000000044900000000000224500000000000134700000000000000000000000000000029062010020720101900        000000000000000CIP COMPENSACAO               811                           
1040001300013T 0600249600300000286080D00000000000000000001               30062010000000000002381409013978                         090000016625050001104934649000000238197862008177016625050001110000000000000000002220000000000                 
1040001300014U 0600000000000000000000000000047600000000000000000000000000047600000000000238100000000000142900000000000000000000000000000029062010020720101900        000000000000000CIP COMPENSACAO               811                           
1040001300015T 0600249600300000286080D00000000000000000001               30062010000000000002449341001732                         090000017714980001104924649000000244997862008177017714980001110000000000000000002220000000000                 
1040001300016U 0600000000000000000000000000049000000000000000000000000000049000000000000244900000000000146900000000000000000000000000000029062010020720101900        000000000000000CIP COMPENSACAO               811                           
1040001300017T 0600249600300000286080D00000000000000000001               30042010000000000013675104016551                         090000022643100001104954588000001367597862006177022643100001810000000000000000002180000000000                 
1040001300018U 0600000000000205100000000000273500000000000000000000000000273500000000001572600000000001025600000000000000000000000000000029062010020720102100        000000000000000AUTOMACAO                     681                           
1040001300019T 0600249600300000286080D00000000000000000001               30062010000000000002507341007404                         090000027806160001104984649000000250797862008177027806160001110000000000000000002220000000000                 
1040001300020U 0600000000000000000000000000050100000000000000000000000000050100000000000250700000000000150500000000000000000000000000000029062010020720101900        000000000000000CIP COMPENSACAO               811                           
1040001300021T 0600249600300000286080D00000000000000000001               30062010000000000002347341008958                         090000029419420001104944649000000234797862008177029419420001110000000000000000002220000000000                 
1040001300022U 0600000000000000000000000000046900000000000000000000000000046900000000000234700000000000140900000000000000000000000000000029062010020720101900        000000000000000CIP COMPENSACAO               811                           
1040001300023T 0600249600300000286080D00000000000000000001               30062010000000000003167341007382                         090000029979130001104934649000000316797862008177029979130001110000000000000000002220000000000                 
1040001300024U 0600000000000000000000000000063300000000000000000000000000063300000000000316700000000000190100000000000000000000000000000029062010020720101900        000000000000000CIP COMPENSACAO               811                           
1040001300025T 0600249600300000286080D00000000000000000001               30062010000000000002174001069345                         090000030873390001104934649000000217497862008177030873390001110000000000000000002220000000000                 
1040001300026U 0600000000000000000000000000043500000000000000000000000000043500000000000217400000000000130400000000000000000000000000000029062010020720101900        000000000000000CIP COMPENSACAO               811                           
1040001300027T 0600249600300000286080D00000000000000000001               30062010000000000002888237038571                         090000031029500001104934649000000288897862008177031029500001110000000000000000002220000000000                 
1040001300028U 0600000000000000000000000000057800000000000000000000000000057800000000000288800000000000173200000000000000000000000000000029062010020720101900        000000000000000CIP COMPENSACAO               811                           
1040001300029T 0600249600300000286080D00000000000000000001               30062010000000000000000237002968                         090000031272800001104924649000000000097862009177031272800001300000000000000000002220000000000                 
1040001300030U 0600000000000000000000000000044900000000000000000000000000044900000000000224600000000000134800000000000000000000000000000029062010020720101900        000000000000000CIP COMPENSACAO               930                           
1040001300031T 0600249600300000286080D00000000000000000001               30062010000000000002245237038571                         090000031966740001104914649000000224597862008177031966740001110000000000000000002220000000000                 
1040001300032U 0600000000000000000000000000044900000000000000000000000000044900000000000224500000000000134700000000000000000000000000000029062010020720101900        000000000000000CIP COMPENSACAO               811                           
1040001300033T 0600249600300000286080D00000000000000000001               30062010000000000011853237033910                         090000042234220001104964649000001185397862008177042234220001110000000000000000002220000000000                 
1040001300034U 0600000000000000000000000000237100000000000000000000000000237100000000001185300000000000711100000000000000000000000000000029062010020720101900        000000000000000CIP COMPENSACAO               811                           
1040001300035T 0600249600300000286080D00000000000000000001               30062010000000000011514033022713                         090000042750080001104984649000001151497862008177042750080001110000000000000000002220000000000                 
1040001300036U 0600000000000000000000000000230300000000000000000000000000230300000000001151400000000000690800000000000000000000000000000029062010020720101900        000000000000000CIP COMPENSACAO               811                           
1040001300037T 0600249600300000286080D00000000000000000001               30062010000000000000000237002968                         090000046079120001104914649000000000097862009177046079120001300000000000000000002220000000000                 
1040001300038U 0600000000000000000000000000051000000000000000000000000000051000000000000255000000000000153000000000000000000000000000000029062010020720101900        000000000000000CIP COMPENSACAO               930                           
1040001300039T 0600249600300000286080D00000000000000000001               30062010000000000004824341007463                         090000047280780001104914649000000482497862008177047280780001110000000000000000002220000000000                 
1040001300040U 0600000000000000000000000000096500000000000000000000000000096500000000000482400000000000289400000000000000000000000000000029062010020720101900        000000000000000CIP COMPENSACAO               811                           
1040001300041T 0600249600300000286080D00000000000000000001               30062010000000000004620033022713                         090000048842970001104924649000000462097862008177048842970001110000000000000000002220000000000                 
1040001300042U 0600000000000000000000000000092400000000000000000000000000092400000000000462000000000000277200000000000000000000000000000029062010020720101900        000000000000000CIP COMPENSACAO               811                           
1040001300043T 0600249600300000286080D00000000000000000001               07101997000000000000000341000671                         090000054455140001104900000000000000097862008177054455140001110000000000000000002220000000000                 
1040001300044U 0600000000000000000000000000046700000000000000000000000000046700000000000233300000000000139900000000000000000000000000000029062010020720101900        000000000000000CIP COMPENSACAO               811                           
1040001300045T 0600249600300000286080D00000000000000000001               30062010000000000008694033022713                         090000055268300001104984649000000869497862008177055268300001110000000000000000002220000000000                 
1040001300046U 0600000000000000000000000000173900000000000000000000000000173900000000000869400000000000521600000000000000000000000000000029062010020720101900        000000000000000CIP COMPENSACAO               811                           
1040001300047T 0600249600300000286080D00000000000000000001               30062010000000000002617237033910                         090000061706790001104984649000000261797862008177061706790001110000000000000000002220000000000                 
1040001300048U 0600000000000000000000000000052300000000000000000000000000052300000000000261700000000000157100000000000000000000000000000029062010020720101900        000000000000000CIP COMPENSACAO               811                           
1040001300049T 0600249600300000286080D00000000000000000001               30072010000000000000000237037907                         090000069903420001104934679000000000097862009177069903420001300000000000000000002220000000000                 
1040001300050U 0600000000000000000000000000051600000000000000000000000000051600000000000258000000000000154800000000000000000000000000000029062010020720101900        000000000000000CIP COMPENSACAO               930                           
1040001300051T 0600249600300000286080D00000000000000000001               30062010000000000002449341001732                         090000072342290001104924649000000244997862008177072342290001110000000000000000002220000000000                 
1040001300052U 0600000000000039200000000000049000000000000000000000000000049000000000000284100000000000186100000000000000000000000000000029062010020720101900        000000000000000CIP COMPENSACAO               811                           
1040001300053T 0600249600300000286080D00000000000000000001               30062010000000000002247237020036                         090000078635670001104984649000000224797862008177078635670001110000000000000000002220000000000                 
1040001300054U 0600000000000000000000000000044900000000000000000000000000044900000000000224700000000000134900000000000000000000000000000029062010020720101900        000000000000000CIP COMPENSACAO               811                           
1040001300055T 0600249600300000286080D00000000000000000001               07101997000000000002245356001368                         090000081100360001104900000000000224597862009177081100360001300000000000000000002220000000000                 
1040001300056U 0600000000000000000000000000044900000000000000000000000000044900000000000224500000000000134700000000000000000000000000000029062010020720101900        000000000000000CIP COMPENSACAO               930                           
1040001300057T 0600249600300000286080D00000000000000000001               30062010000000000002467341000671                         090000086794830001104914649000000246797862008177086794830001110000000000000000002220000000000                 
1040001300058U 0600000000000000000000000000049300000000000000000000000000049300000000000246700000000000148100000000000000000000000000000029062010020720101900        000000000000000CIP COMPENSACAO               811                           
1040001300059T 0600249600300000286080D00000000000000000001               30072010000000000000000237037907                         090000090025940001104964679000000000097862009177090025940001300000000000000000002220000000000                 
1040001300060U 0600000000000000000000000000049300000000000000000000000000049300000000000246700000000000148100000000000000000000000000000029062010020720101900        000000000000000CIP COMPENSACAO               930                           
1040001300061T 0600249600300000286080D00000000000000000001               30062010000000000001593341001732                         090000104172200001104994649000000159397862008177104172200001110000000000000000002220000000000                 
1040001300062U 0600000000000025500000000000031900000000000000000000000000031900000000000184800000000000121000000000000000000000000000000029062010020720101900        000000000000000CIP COMPENSACAO               811                           
1040001300063T 0600249600300000286080D00000000000000000001               29062010000000000002666237024031                         090000106188880001104964648000000266697862008177106188880001110000000000000000002220000000000                 
1040001300064U 0600000000000000000000000000053300000000000000000000000000053300000000000266600000000000160000000000000000000000000000000029062010020720101900        000000000000000CIP COMPENSACAO               811                           
1040001300065T 0600249600300000286080D00000000000000000001               30062010000000000000000237002968                         090000117388000001104984649000000000097862009177117388000001300000000000000000002220000000000                 
1040001300066U 0600000000000000000000000000044900000000000000000000000000044900000000000224600000000000134800000000000000000000000000000029062010020720101900        000000000000000CIP COMPENSACAO               930                           
1040001300067T 0600249600300000286080D00000000000000000001               29062010000000000002763237024031                         090000496293500010104964648000000276397862008177496293500010110000000000000000002220000000000                 
1040001300068U 0600000000000000000000000000055300000000000000000000000000055300000000000276300000000000165700000000000000000000000000000029062010020720101900        000000000000000CIP COMPENSACAO               811                           
1040001300069T 0600249600300000286080D00000000000000000001               07101997000000000002347356001368                         090000523779260001104900000000000234797862008177523779260001210000000000000000002220000000000                 
1040001300070U 0600000000000000000000000000046900000000000000000000000000046900000000000234700000000000140900000000000000000000000000000029062010020720101900        000000000000000CIP COMPENSACAO               821                           
1040001300071T 0600249600300000286080D00000000000000000001               30072010000000000000000237037907                         090000538243060001104914679000000000097862009177538243060001300000000000000000002220000000000                 
1040001300072U 0600000000000000000000000000060900000000000000000000000000060900000000000304700000000000182900000000000000000000000000000029062010020720101900        000000000000000CIP COMPENSACAO               930                           
1040001300073T 0600249600300000286080D00000000000000000001               30062010000000000000000237002968                         090000538343960001104914649000000000097862009177538343960001300000000000000000002220000000000                 
1040001300074U 0600000000000000000000000000047000000000000000000000000000047000000000000235000000000000141000000000000000000000000000000029062010020720101900        000000000000000CIP COMPENSACAO               930                           
1040001300075T 0600249600300000286080D00000000000000000001               30062010000000000000000341029998                         090000542010410001104934649000000000097862009177542010410001300000000000000000002220000000000                 
1040001300076U 0600000000000000000000000000244900000000000000000000000000244900000000001224600000000000734800000000000000000000000000000029062010020720101900        000000000000000CIP COMPENSACAO               930                           
1040001300077T 0600249600300000286080D00000000000000000001               07101997000000000002245356001368                         090000542038720001104900000000000224597862009177542038720001300000000000000000002220000000000                 
1040001300078U 0600000000000000000000000000044900000000000000000000000000044900000000000224500000000000134700000000000000000000000000000029062010020720101900        000000000000000CIP COMPENSACAO               930                           
1040001300079T 0600249600300000286080D00000000000000000001               30062010000000000002250033020788                         090000542394210001104984649000000225097862008177542394210001110000000000000000002220000000000                 
1040001300080U 0600000000000000000000000000045000000000000000000000000000045000000000000225000000000000135000000000000000000000000000000029062010020720101900        000000000000000CIP COMPENSACAO               811                           
1040001300081T 0600249600300000286080D00000000000000000001               30062010000000000010124341001732                         090000542414500001104984649000001012497862008177542414500001110000000000000000002220000000000                 
1040001300082U 0600000000000000000000000000202500000000000000000000000000202500000000001012400000000000607400000000000000000000000000000029062010020720101900        000000000000000CIP COMPENSACAO               811                           
1040001300083T 0600249600300000286080D00000000000000000001               30062010000000000002830341000671                         090000542819690001104914649000000283097862008177542819690001110000000000000000002220000000000                 
1040001300084U 0600000000000000000000000000056600000000000000000000000000056600000000000283000000000000169800000000000000000000000000000029062010020720101900        000000000000000CIP COMPENSACAO               811                           
1040001300085T 0600249600300000286080D00000000000000000001               30062010000000000004947341001732                         090000542825380001104914649000000494797862008177542825380001110000000000000000002220000000000                 
1040001300086U 0600000000000000000000000000098900000000000000000000000000098900000000000494700000000000296900000000000000000000000000000029062010020720101900        000000000000000CIP COMPENSACAO               811                           
1040001300087T 0600249600300000286080D00000000000000000001               30062010000000000003492341006602                         090000543239690001104994649000000349297862008177543239690001110000000000000000002220000000000                 
1040001300088U 0600000000000000000000000000069800000000000000000000000000069800000000000349200000000000209600000000000000000000000000000029062010020720101900        000000000000000CIP COMPENSACAO               811                           
1040001300089T 0600249600300000286080D00000000000000000001               30062010000000000002480237038571                         090000543651500001104914649000000248097862008177543651500001110000000000000000002220000000000                 
1040001300090U 0600000000000000000000000000049600000000000000000000000000049600000000000248000000000000148800000000000000000000000000000029062010020720101900        000000000000000CIP COMPENSACAO               811                           
1040001300091T 0600249600300000286080D00000000000000000001               30062010000000000002250341003603                         090000545275930001104914649000000225097862008177545275930001110000000000000000002220000000000                 
1040001300092U 0600000000000000000000000000045000000000000000000000000000045000000000000225000000000000135000000000000000000000000000000029062010020720101900        000000000000000CIP COMPENSACAO               811                           
1040001300093T 0600249600300000286080D00000000000000000001               30062010000000000003417341001732                         090000545720290001104994649000000341797862008177545720290001110000000000000000002220000000000                 
1040001300094U 0600000000000054700000000000068300000000000000000000000000068300000000000396400000000000259800000000000000000000000000000029062010020720101900        000000000000000CIP COMPENSACAO               811                           
1040001300095T 0600249600300000286080D00000000000000000001               30062010000000000010132341001732                         090000545760790001104974649000001013297862008177545760790001110000000000000000002220000000000                 
1040001300096U 0600000000000162100000000000202600000000000000000000000000202600000000001175300000000000770100000000000000000000000000000029062010020720101900        000000000000000CIP COMPENSACAO               811                           
1040001300097T 0600249600300000286080D00000000000000000001               07101997000000000002347356001368                         090000546075100001104900000000000234797862009177546075100001300000000000000000002220000000000                 
1040001300098U 0600000000000000000000000000046900000000000000000000000000046900000000000234700000000000140900000000000000000000000000000029062010020720101900        000000000000000CIP COMPENSACAO               930                           
1040001300099T 0600249600300000286080D00000000000000000001               30062010000000000002473341016187                         090000546097140001104974649000000247397862008177546097140001110000000000000000002220000000000                 
1040001300100U 0600000000000000000000000000049500000000000000000000000000049500000000000247300000000000148300000000000000000000000000000029062010020720101900        000000000000000CIP COMPENSACAO               811                           
1040001300101T 0600249600300000286080D00000000000000000001               30062010000000000000000237002968                         090000546371290001104944649000000000097862009177546371290001300000000000000000002220000000000                 
1040001300102U 0600000000000000000000000000044900000000000000000000000000044900000000000224600000000000134800000000000000000000000000000029062010020720101900        000000000000000CIP COMPENSACAO               930                           
1040001300103T 0600249600300000286080D00000000000000000001               30062010000000000004592237027235                         090000550871000001104934649000000459297862008177550871000001110000000000000000002220000000000                 
1040001300104U 0600000000000000000000000000091800000000000000000000000000091800000000000459200000000000275600000000000000000000000000000029062010020720101900        000000000000000CIP COMPENSACAO               811                           
1040001300105T 0600249600300000286080D00000000000000000001               30062010000000000010936341001732                         090000550879360001104994649000001093697862008177550879360001110000000000000000002220000000000                 
1040001300106U 0600000000000000000000000000218700000000000000000000000000218700000000001093600000000000656200000000000000000000000000000029062010020720101900        000000000000000CIP COMPENSACAO               811                           
1040001300107T 0600249600300000286080D00000000000000000001               30062010000000000002250341003603                         090000554412160001104974649000000225097862008177554412160001110000000000000000002220000000000                 
1040001300108U 0600000000000000000000000000045000000000000000000000000000045000000000000225000000000000135000000000000000000000000000000029062010020720101900        000000000000000CIP COMPENSACAO               811                           
1040001300109T 0600249600300000286080D00000000000000000001               30062010000000000011870341001732                         090000555772410001104914649000001187097862008177555772410001110000000000000000002220000000000                 
1040001300110U 0600000000000190000000000000237400000000000000000000000000237400000000001377000000000000902200000000000000000000000000000029062010020720101900        000000000000000CIP COMPENSACAO               811                           
1040001300111T 0600249600300000286080D00000000000000000001               30062010000000000000000409070076                         090000564681840001104964649000000000097862009177564681840001300000000000000000002220000000000                 
1040001300112U 0600000000000000000000000000044900000000000000000000000000044900000000000224500000000000134700000000000000000000000000000029062010020720101900        000000000000000CIP COMPENSACAO               930                           
1040001300113T 0600249600300000286080D00000000000000000001               30062010000000000000000237002968                         090000565761500001104974649000000000097862009177565761500001300000000000000000002220000000000                 
1040001300114U 0600000000000000000000000000044900000000000000000000000000044900000000000224600000000000134800000000000000000000000000000029062010020720101900        000000000000000CIP COMPENSACAO               930                           
1040001300115T 0600249600300000286080D00000000000000000001               30062010000000000005486341000671                         090000573950550001104974649000000548697862008177573950550001110000000000000000002220000000000                 
1040001300116U 0600000000000000000000000000109700000000000000000000000000109700000000000548600000000000329200000000000000000000000000000029062010020720101900        000000000000000CIP COMPENSACAO               811                           
1040001300117T 0600249600300000286080D00000000000000000001               30062010000000000002596356017930                         090000576519860001104904649000000259697862008177576519860001110000000000000000002220000000000                 
1040001300118U 0600000000000000000000000000051900000000000000000000000000051900000000000259600000000000155800000000000000000000000000000029062010020720101900        000000000000000CIP COMPENSACAO               811                           
1040001300119T 0600249600300000286080D00000000000000000001               29062010000000000007582356008273                         090000576579340001104904648000000758297862008177576579340001110000000000000000002220000000000                 
1040001300120U 0600000000000000000000000000151600000000000000000000000000151600000000000758200000000000455000000000000000000000000000000029062010020720101900        000000000000000CIP COMPENSACAO               811                           
1040001300121T 0600249600300000286080D00000000000000000001               30062010000000000003180341001384                         090000578082220001104924649000000318097862008177578082220001110000000000000000002220000000000                 
1040001300122U 0600000000000000000000000000063600000000000000000000000000063600000000000318000000000000190800000000000000000000000000000029062010020720101900        000000000000000CIP COMPENSACAO               811                           
1040001300123T 0600249600300000286080D00000000000000000001               29062010000000000003333237024031                         090000581016680001104914648000000333397862008177581016680001110000000000000000002220000000000                 
1040001300124U 0600000000000000000000000000066700000000000000000000000000066700000000000333300000000000199900000000000000000000000000000029062010020720101900        000000000000000CIP COMPENSACAO               811                           
1040001300125T 0600249600300000286080D00000000000000000001               30062010000000000002353341003670                         090000588038750001104944649000000235397862008177588038750001120000000000000000002220000000000                 
1040001300126U 0600000000000000000000000000047100000000000000000000000000047100000000000235300000000000141100000000000000000000000000000029062010020720101900        000000000000000CIP COMPENSACAO               812                           
1040001300127T 0600249600300000286080D00000000000000000001               30062010000000000000000237002968                         090000591774360001104934649000000000097862009177591774360001300000000000000000002220000000000                 
1040001300128U 0600000000000000000000000000047000000000000000000000000000047000000000000235000000000000141000000000000000000000000000000029062010020720101900        000000000000000CIP COMPENSACAO               930                           
1040001300129T 0600249600300000286080D00000000000000000001               30062010000000000002245237000957                         090000591805960001104964649000000224597862008177591805960001110000000000000000002220000000000                 
1040001300130U 0600000000000000000000000000044900000000000000000000000000044900000000000224500000000000134700000000000000000000000000000029062010020720101900        000000000000000CIP COMPENSACAO               811                           
1040001300131T 0600249600300000286080D00000000000000000001               30062010000000000007041341001732                         090000594794930001104984649000000704197862008177594794930001110000000000000000002220000000000                 
1040001300132U 0600000000000000000000000000140800000000000000000000000000140800000000000704100000000000422500000000000000000000000000000029062010020720101900        000000000000000CIP COMPENSACAO               811                           
1040001300133T 0600249600300000286080D00000000000000000001               30062010000000000002600341001732                         090000594908620001104974649000000260097862008177594908620001110000000000000000002220000000000                 
1040001300134U 0600000000000000000000000000052000000000000000000000000000052000000000000260000000000000156000000000000000000000000000000029062010020720101900        000000000000000CIP COMPENSACAO               811                           
1040001300135T 0600249600300000286080D00000000000000000001               30062010000000000002288341004677                         090000615905920001104924649000000228897862009177615905920001490000000000000000002220000000000                 
1040001300136U 0600000000000000000000000000045800000000000000000000000000045800000000000228800000000000137200000000000000000000000000000029062010020720101900        000000000000000CIP COMPENSACAO               949                           
1040001300137T 0600249600300000286080D00000000000000000001               30062010000000000004050341001902                         090000620249970001104914649000000405097862009177620249970001300000000000000000002220000000000                 
1040001300138U 0600000000000000000000000000081000000000000000000000000000081000000000000405000000000000243000000000000000000000000000000029062010020720101900        000000000000000CIP COMPENSACAO               930                           
1040001300139T 0600249600300000286080D00000000000000000001               30062010000000000016667341004286                         090000620294000001104914649000001666797862008177620294000001110000000000000000002220000000000                 
1040001300140U 0600000000000000000000000000333300000000000000000000000000333300000000001666700000000001000100000000000000000000000000000029062010020720101900        000000000000000CIP COMPENSACAO               811                           
1040001300141T 0600249600300000286080D00000000000000000001               30062010000000000000000341003689                         090000655256770001104914649000000000097862009177655256770001300000000000000000002220000000000                 
1040001300142U 0600000000000000000000000000044900000000000000000000000000044900000000000224500000000000134700000000000000000000000000000029062010020720101900        000000000000000CIP COMPENSACAO               930                           
1040001300143T 0600249600300000286080D00000000000000000001               30062010000000000000000237002968                         090000680297270001104954649000000000097862009177680297270001300000000000000000002220000000000                 
1040001300144U 0600000000000000000000000000044900000000000000000000000000044900000000000224600000000000134800000000000000000000000000000029062010020720101900        000000000000000CIP COMPENSACAO               930                           
1040001300145T 0600249600300000286080D00000000000000000001               29062010000000000011752237024031                         090000692708660001104934648000001175297862008177692708660001110000000000000000002220000000000                 
1040001300146U 0600000000000000000000000000235000000000000000000000000000235000000000001175200000000000705200000000000000000000000000000029062010020720101900        000000000000000CIP COMPENSACAO               811                           
1040001300147T 0600249600300000286080D00000000000000000001               30062010000000000002449341001732                         090000739379550001104914649000000244997862008177739379550001110000000000000000002220000000000                 
1040001300148U 0600000000000039200000000000049000000000000000000000000000049000000000000284100000000000186100000000000000000000000000000029062010020720101900        000000000000000CIP COMPENSACAO               811                           
1040001300149T 0600249600300000286080D00000000000000000001               29062010000000000002716237024031                         090000771076900014104914648000000271697862008177771076900014110000000000000000002220000000000                 
1040001300150U 0600000000000000000000000000054300000000000000000000000000054300000000000271600000000000163000000000000000000000000000000029062010020720101900        000000000000000CIP COMPENSACAO               811                           
1040001300151T 0600249600300000286080D00000000000000000001               30062010000000000000000104010863                         090000086122030001104934649000000000097862009177086122030001300000000000000000001090000000000                 
1040001300152U 0600000000000000000000000000046900000000000000000000000000046900000000000234700000000000140900000000000000000000000000000030062010020720101700        000000000000000LOTERICOS SISPL               930                           
1040001300153T 0600249600300000286080D00000000000000000001               30062010000000000003333104028800                         090000103860830001104934649000000333397862008177103860830001110000000000000000002180000000000                 
1040001300154U 0600000000000000000000000000066700000000000000000000000000066700000000000333300000000000199900000000000000000000000000000030062010020720101100        000000000000000AUTOMACAO                     811                           
1040001300155T 0600249600300000286080D00000000000000000001               30062010000000000013567104028800                         090000105706660001104914649000001356797862008177105706660001110000000000000000002180000000000                 
1040001300156U 0600000000000000000000000000271300000000000000000000000000271300000000001356700000000000814100000000000000000000000000000030062010020720101100        000000000000000AUTOMACAO                     811                           
1040001300157T 0600249600300000286080D00000000000000000001               30062010000000000016000104028800                         090000107103070001104984649000001600097862008177107103070001110000000000000000002180000000000                 
1040001300158U 0600000000000000000000000000320000000000000000000000000000320000000000001600000000000000960000000000000000000000000000000030062010020720101100        000000000000000AUTOMACAO                     811                           
1040001300159T 0600249600300000286080D00000000000000000001               30062010000000000004694104028800                         090000110098310001104914649000000469497862008177110098310001110000000000000000002180000000000                 
1040001300160U 0600000000000000000000000000093900000000000000000000000000093900000000000469400000000000281600000000000000000000000000000030062010020720101100        000000000000000AUTOMACAO                     811                           
1040001300161T 0600249600300000286080D00000000000000000001               30062010000000000002666104028800                         090000112856600001104954649000000266697862008177112856600001110000000000000000002180000000000                 
1040001300162U 0600000000000000000000000000053300000000000000000000000000053300000000000266600000000000160000000000000000000000000000000030062010020720101100        000000000000000AUTOMACAO                     811                           
1040001300163T 0600249600300000286080D00000000000000000001               30062010000000000003293104028800                         090000249376000010104914649000000329397862008177249376000010110000000000000000002180000000000                 
1040001300164U 0600000000000000000000000000065900000000000000000000000000065900000000000329300000000000197500000000000000000000000000000030062010020720101100        000000000000000AUTOMACAO                     811                           
1040001300165T 0600249600300000286080D00000000000000000001               30062010000000000008333104028800                         090000309027900013104954649000000833397862008177309027900013110000000000000000002180000000000                 
1040001300166U 0600000000000000000000000000166700000000000000000000000000166700000000000833300000000000499900000000000000000000000000000030062010020720101100        000000000000000AUTOMACAO                     811                           
1040001300167T 0600249600300000286080D00000000000000000001               30062010000000000002250104028800                         090000338607100016104914649000000225097862008177338607100016110000000000000000002180000000000                 
1040001300168U 0600000000000000000000000000045000000000000000000000000000045000000000000225000000000000135000000000000000000000000000000030062010020720101100        000000000000000AUTOMACAO                     811                           
1040001300169T 0600249600300000286080D00000000000000000001               30062010000000000005320104028800                         090000345783000145104924649000000532097862008177345783000145110000000000000000002180000000000                 
1040001300170U 0600000000000000000000000000106400000000000000000000000000106400000000000532000000000000319200000000000000000000000000000030062010020720101100        000000000000000AUTOMACAO                     811                           
1040001300171T 0600249600300000286080D00000000000000000001               30072010000000000002500104018163                         090000539900080001104954679000000250097862008177539900080001110000000000000000000430000000000                 
1040001300172U 06000000000000000000000000000500000000000000000000000000000500000000000002500000000000001500000000000000000000000000000000300620100207201012I0        000000000000000INTERNET                      811                           
1040001300173T 0600249600300000286080D00000000000000000001               30062010000000000002522104002461                         090000539948100001104934649000000252297862008177539948100001110000000000000000000430000000000                 
1040001300174U 06000000000000000000000000000504000000000000000000000000000504000000000002522000000000001514000000000000000000000000000000300620100207201012I0        000000000000000INTERNET                      811                           
1040001300175T 0600249600300000286080D00000000000000000001               30062010000000000003343104028800                         090000540692160001104974649000000334397862008177540692160001110000000000000000002180000000000                 
1040001300176U 0600000000000000000000000000066900000000000000000000000000066900000000000334300000000000200500000000000000000000000000000030062010020720101100        000000000000000AUTOMACAO                     811                           
1040001300177T 0600249600300000286080D00000000000000000001               30062010000000000003993104028800                         090000543246860001104914649000000399397862008177543246860001110000000000000000002180000000000                 
1040001300178U 0600000000000000000000000000079900000000000000000000000000079900000000000399300000000000239500000000000000000000000000000030062010020720101100        000000000000000AUTOMACAO                     811                           
1040001300179T 0600249600300000286080D00000000000000000001               30062010000000000003375104028800                         090000546044000001104974649000000337597862008177546044000001110000000000000000002180000000000                 
1040001300180U 0600000000000000000000000000067500000000000000000000000000067500000000000337500000000000202500000000000000000000000000000030062010020720101100        000000000000000AUTOMACAO                     811                           
1040001300181T 0600249600300000286080D00000000000000000001               30062010000000000002500104028800                         090000551495460001104934649000000250097862008177551495460001110000000000000000002180000000000                 
1040001300182U 0600000000000000000000000000050000000000000000000000000000050000000000000250000000000000150000000000000000000000000000000030062010020720101100        000000000000000AUTOMACAO                     811                           
1040001300183T 0600249600300000286080D00000000000000000001               30062010000000000003387104002526                         090000552132680001104994649000000338797862005177552132680001590000000000000000002180000000000                 
1040001300184U 0600000000000000000000000000067700000000000000000000000000067700000000000338700000000000203300000000000000000000000000000030062010020720101100        000000000000000AUTOMACAO                     559                           
1040001300185T 0600249600300000286080D00000000000000000001               30062010000000000002830104028800                         090000563204680001104974649000000283097862008177563204680001110000000000000000002180000000000                 
1040001300186U 0600000000000000000000000000056600000000000000000000000000056600000000000283000000000000169800000000000000000000000000000030062010020720101100        000000000000000AUTOMACAO                     811                           
1040001300187T 0600249600300000286080D00000000000000000001               30062010000000000004000104028800                         090000570018100001104984649000000400097862008177570018100001110000000000000000002180000000000                 
1040001300188U 0600000000000000000000000000080000000000000000000000000000080000000000000400000000000000240000000000000000000000000000000030062010020720101100        000000000000000AUTOMACAO                     811                           
1040001300189T 0600249600300000286080D00000000000000000001               30062010000000000002246104028800                         090000577567280001104914649000000224697862008177577567280001110000000000000000002180000000000                 
1040001300190U 0600000000000000000000000000044900000000000000000000000000044900000000000224600000000000134800000000000000000000000000000030062010020720101100        000000000000000AUTOMACAO                     811                           
1040001300191T 0600249600300000286080D00000000000000000001               30062010000000000003820104028800                         090000581023280001104914649000000382097862008177581023280001110000000000000000002180000000000                 
1040001300192U 0600000000000000000000000000076400000000000000000000000000076400000000000382000000000000229200000000000000000000000000000030062010020720101100        000000000000000AUTOMACAO                     811                           
1040001300193T 0600249600300000286080D00000000000000000001               30062010000000000002250104028800                         090000717299580001104984649000000225097862008177717299580001110000000000000000002180000000000                 
1040001300194U 0600000000000000000000000000045000000000000000000000000000045000000000000225000000000000135000000000000000000000000000000030062010020720101100        000000000000000AUTOMACAO                     811                           
1040001300195T 0600249600300000286080D00000000000000000001               30062010000000000002903104028800                         090000829397700015104984649000000290397862008177829397700015110000000000000000002180000000000                 
1040001300196U 0600000000000000000000000000058100000000000000000000000000058100000000000290300000000000174100000000000000000000000000000030062010020720101100        000000000000000AUTOMACAO                     811                           
1040001300197T 0600249600300000286080D00000000000000000001               30062010000000000006500104028800                         090000847363700010104944649000000650097862008177847363700010110000000000000000002180000000000                 
1040001300198U 0600000000000000000000000000130000000000000000000000000000130000000000000650000000000000390000000000000000000000000000000030062010020720101100        000000000000000AUTOMACAO                     811                           
10400015         00019800000000000000000000000000000000000000000000000000000000000000000000000000000000000000262690                           00000000000000000000000000000                                                                     
10499999         000001000202000000000              00000 000000000000                                                                        00000000000000000000000000000                                                                     
