10400000         243070481000114186200              00249600300000286080SINEMPEDIFPORTCAB MUN SP      CAIXA ECONOMICA FEDERAL                 22406201004433800129506000000                                                                     
10400011T01  030 2043070481000114186200              00249600300000286080SINEMPEDIFPORTCAB MUN SP      200501                                  000000                                  000000002406201000000000                                 
1040001300001T 0600249600300000286080D00000000000000000001               30062010000000000002245341000027                         090000001754110001104944649000000224597862009177001754110001300000000000000000002220000000000                 
1040001300002U 0600000000000000000000000000044900000000000000000000000000044900000000000224500000000000134700000000000000000000000000000021062010240620101900        000000000000000CIP COMPENSACAO               930                           
1040001300003T 0600249600300000286080D00000000000000000001               31072010000000000000000237014958                         090000043962210001104964680000000000097862009177043962210001300000000000000000002220000000000                 
1040001300004U 0600000000000000000000000000046900000000000000000000000000046900000000000234700000000000140900000000000000000000000000000021062010240620101900        000000000000000CIP COMPENSACAO               930                           
1040001300005T 0600249600300000286080D00000000000000000001               30042010000000000000000104011550                         090000066989820001104974588000000000097862009177066989820001300000000000000000002180000000000                 
1040001300006U 0600000000000000000000000000361700000000000000000000000000361700000000001808300000000001084900000000000000000000000000000021062010240620102100        000000000000000AUTOMACAO                     930                           
1040001300007T 0600249600300000286080D00000000000000000001               30062010000000000007200341071463                         090000113424830001104984649000000720097862008177113424830001110000000000000000002220000000000                 
1040001300008U 0600000000000000000000000000144000000000000000000000000000144000000000000720000000000000432000000000000000000000000000000021062010240620101900        000000000000000CIP COMPENSACAO               811                           
1040001300009T 0600249600300000286080D00000000000000000001               21062010000000000002695237003018                         090000655198940001104984640000000269597862008177655198940001110000000000000000002220000000000                 
1040001300010U 0600000000000000000000000000053900000000000000000000000000053900000000000269500000000000161700000000000000000000000000000021062010240620101900        000000000000000CIP COMPENSACAO               811                           
10400015         00001000000000000000000000000000000000000000000000000000000000000000000000000000000000000000019542                           00000000000000000000000000000                                                                     
10499999         000001000014000000000              00000 000000000000                                                                        00000000000000000000000000000                                                                     
