10400000         243070481000114186200              00249600300000286080SINEMPEDIFPORTCAB MUN SP      CAIXA ECONOMICA FEDERAL                 22105201004411400127306000000                                                                     
10400011T01  030 2043070481000114186200              00249600300000286080SINEMPEDIFPORTCAB MUN SP      200501                                  000000                                  000000002105201000000000                                 
1040001300001T 0600249600300000286080D00000000000000000001               31052010000000000002245341000744                         090000004478750001104934619000000224597862008177004478750001110000000000000000002220000000000                 
1040001300002U 0600000000000000000000000000044900000000000000000000000000044900000000000224500000000000134700000000000000000000000000000018052010210520101900        000000000000000CIP COMPENSACAO               811                           
1040001300003T 0600249600300000286080D00000000000000000001               30042010000000000000000104002496                         090000008378880001104934588000000000097862009177008378880001300000000000000000002180000000000                 
1040001300004U 0600000000000000000000000000428300000000000000000000000000428300000000002141300000000001284700000000000000000000000000000018052010210520102100        000000000000000AUTOMACAO                     930                           
1040001300005T 0600249600300000286080D00000000000000000001               31052010000000000005000237001376                         090000059096400001104984619000000500097862008177059096400001110000000000000000002220000000000                 
1040001300006U 0600000000000000000000000000100000000000000000000000000000100000000000000500000000000000300000000000000000000000000000000018052010210520101900        000000000000000CIP COMPENSACAO               811                           
1040001300007T 0600249600300000286080D00000000000000000001               07101997000000000000000341071307                         090000110545620001104900000000000000097862005177110545620001590000000000000000002220000000000                 
1040001300008U 0600000000000000000000000000047000000000000000000000000000047000000000000235000000000000141000000000000000000000000000000018052010210520101900        000000000000000CIP COMPENSACAO               559                           
1040001300009T 0600249600300000286080D00000000000000000001               30042010000000000000000104006572                         090000625783490001104954588000000000097862009177625783490001300000000000000000002180000000000                 
1040001300010U 0600000000000000000000000000457400000000000000000000000000457400000000002287200000000001372400000000000000000000000000000018052010210520102100        000000000000000AUTOMACAO                     930                           
1040001300011T 0600249600300000286080D00000000000000000001               30042010000000000019938104029211                         090000917007000016104954588000001993897862008177917007000016110000000000000000002180000000000                 
1040001300012U 0600000000000259200000000000398800000000000000000000000000398800000000002253000000000001455400000000000000000000000000000018052010210520102100        000000000000000AUTOMACAO                     811                           
1040001300013T 0600249600300000286080D00000000000000000001               30042010000000000000000104002747                         090000002190112882104994588000000000097862009177002190112882300000000000000000002180000000000                 
1040001300014U 0600000000000000000000000000154100000000000000000000000000154100000000000770400000000000462200000000000000000000000000000019052010210520101100        000000000000000AUTOMACAO                     930                           
1040001300015T 0600249600300000286080D00000000000000000001               30042010000000000000000104031917                         090000002190115155104914588000000000097862009177002190115155300000000000000000002180000000000                 
1040001300016U 0600000000000000000000000000067400000000000000000000000000067400000000000337000000000000202200000000000000000000000000000019052010210520101100        000000000000000AUTOMACAO                     930                           
1040001300017T 0600249600300000286080D00000000000000000001               30042010000000000000000104002747                         090000002190120409104974588000000000097862009177002190120409300000000000000000002180000000000                 
1040001300018U 0600000000000000000000000000292500000000000000000000000000292500000000001462600000000000877600000000000000000000000000000019052010210520101100        000000000000000AUTOMACAO                     930                           
1040001300019T 0600249600300000286080D00000000000000000001               30042010000000000000000104002747                         090000002190318988104974588000000000097862009177002190318988300000000000000000002180000000000                 
1040001300020U 0600000000000000000000000000188100000000000000000000000000188100000000000940500000000000564300000000000000000000000000000019052010210520101100        000000000000000AUTOMACAO                     930                           
1040001300021T 0600249600300000286080D00000000000000000001               30042010000000000000000104002682                         090000003755001401104984588000000000097862009177003755001401300000000000000000002180000000000                 
1040001300022U 0600000000000000000000000000055400000000000000000000000000055400000000000276800000000000166000000000000000000000000000000019052010210520101100        000000000000000AUTOMACAO                     930                           
1040001300023T 0600249600300000286080D00000000000000000001               30042010000000000000000104002747                         090000005001134827104934588000000000097862009177005001134827300000000000000000002180000000000                 
1040001300024U 0600000000000000000000000000054900000000000000000000000000054900000000000274700000000000164900000000000000000000000000000019052010210520101100        000000000000000AUTOMACAO                     930                           
1040001300025T 0600249600300000286080D00000000000000000001               30042010000000000000000104002410                         090000008722780001104914588000000000097862009177008722780001300000000000000000002180000000000                 
1040001300026U 0600000000000000000000000000056700000000000000000000000000056700000000000283500000000000170100000000000000000000000000000019052010210520101100        000000000000000AUTOMACAO                     930                           
1040001300027T 0600249600300000286080D00000000000000000001               30042010000000000000000104028622                         090000034999720001104984588000000000097862009177034999720001300000000000000000002180000000000                 
1040001300028U 0600000000000000000000000000237400000000000000000000000000237400000000001186900000000000712100000000000000000000000000000019052010210520101100        000000000000000AUTOMACAO                     930                           
1040001300029T 0600249600300000286080D00000000000000000001               30042010000000000000000104028622                         090000543647570001104934588000000000097862009177543647570001300000000000000000002180000000000                 
1040001300030U 0600000000000000000000000000108600000000000000000000000000108600000000000542900000000000325700000000000000000000000000000019052010210520101100        000000000000000AUTOMACAO                     930                           
10400015         00003000000000000000000000000000000000000000000000000000000000000000000000000000000000000000083333                           00000000000000000000000000000                                                                     
10499999         000001000034000000000              00000 000000000000                                                                        00000000000000000000000000000                                                                     
