10400000         243070481000114186200              00249600300000286080SINEMPEDIFPORTCAB MUN SP      CAIXA ECONOMICA FEDERAL                 21406201004540100128806000000                                                                     
10400011T01  030 2043070481000114186200              00249600300000286080SINEMPEDIFPORTCAB MUN SP      200501                                  000000                                  000000001406201000000000                                 
1040001300001T 0600249600300000286080D00000000000000000001               30062010000000000002500341071226                         090000538193710001104994649000000250097862008177538193710001110000000000000000002220000000000                 
1040001300002U 0600000000000000000000000000050000000000000000000000000000050000000000000250000000000000150000000000000000000000000000000009062010140620101900        000000000000000CIP COMPENSACAO               811                           
1040001300003T 0600249600300000286080D00000000000000000001               30062010000000000000000104002372                         090000542081780001104974649000000000097862009177542081780001300000000000000000002180000000000                 
1040001300004U 0600000000000000000000000000047500000000000000000000000000047500000000000237400000000000142400000000000000000000000000000010062010140620101100        000000000000000AUTOMACAO                     930                           
1040001300005T 0600249600300000286080D00000000000000000001               30042010000000000000000104002607                         090000571223430001104914588000000000097862009177571223430001300000000000000000002180000000000                 
1040001300006U 0600000000000000000000000000065500000000000000000000000000065500000000000327400000000000196400000000000000000000000000000010062010140620101100        000000000000000AUTOMACAO                     930                           
10400015         00000600000000000000000000000000000000000000000000000000000000000000000000000000000000000000004888                           00000000000000000000000000000                                                                     
10499999         000001000010000000000              00000 000000000000                                                                        00000000000000000000000000000                                                                     
