10400000         243070481000114186200              00249600300000286080SINEMPEDIFPORTCAB MUN SP      CAIXA ECONOMICA FEDERAL                 21205201004411300126606000000                                                                     
10400011T01  030 2043070481000114186200              00249600300000286080SINEMPEDIFPORTCAB MUN SP      200501                                  000000                                  000000001205201000000000                                 
1040001300001T 0600249600300000286080D00000000000000000001               30042010000000000000000104010057                         090000037480220001104924588000000000097862009177037480220001300000000000000000002180000000000                 
1040001300002U 0600000000000000000000000000062800000000000000000000000000062800000000000314000000000000188400000000000000000000000000000007052010120520102100        000000000000000AUTOMACAO                     930                           
1040001300003T 0600249600300000286080D00000000000000000001               10052010000000000006786237032964                         090000388941350001104964598000000678697862005177388941350001590000000000000000002220000000000                 
1040001300004U 0600000000000000000000000000135700000000000000000000000000135700000000000678600000000000407200000000000000000000000000000007052010120520101900        000000000000000CIP COMPENSACAO               559                           
1040001300005T 0600249600300000286080D00000000000000000001               31052010000000000002733237027200                         090000553619270001104994619000000273397862008177553619270001110000000000000000002220000000000                 
1040001300006U 0600000000000000000000000000054700000000000000000000000000054700000000000273300000000000163900000000000000000000000000000007052010120520101900        000000000000000CIP COMPENSACAO               811                           
1040001300007T 0600249600300000286080D00000000000000000001               30062010000000000000000341085731                         090000586287770001104964649000000000097862009177586287770001300000000000000000002220000000000                 
1040001300008U 0600000000000000000000000000044900000000000000000000000000044900000000000224500000000000134700000000000000000000000000000007052010120520101900        000000000000000CIP COMPENSACAO               930                           
1040001300009T 0600249600300000286080D00000000000000000001               07052010000000000000000151009733                         090000630898250001104914595000000000097862009177630898250001300000000000000000002220000000000                 
1040001300010U 0600000000000000000000000000212900000000000000000000000000212900000000001064700000000000638900000000000000000000000000000007052010120520101900        000000000000000CIP COMPENSACAO               930                           
1040001300011T 0600249600300000286080D00000000000000000001               07052010000000000018212341008451                         090000640155480001104974595000001821297862008177640155480001110000000000000000002220000000000                 
1040001300012U 0600000000000000000000000000364200000000000000000000000000364200000000001821200000000001092800000000000000000000000000000007052010120520101900        000000000000000CIP COMPENSACAO               811                           
1040001300013T 0600249600300000286080D00000000000000000001               30042010000000000000000104002550                         090000020259270001104924588000000000097862009177020259270001300000000000000000002180000000000                 
1040001300014U 0600000000000000000000000000050700000000000000000000000000050700000000000253600000000000152200000000000000000000000000000010052010120520101100        000000000000000AUTOMACAO                     930                           
1040001300015T 0600249600300000286080D00000000000000000001               30042010000000000004923104008001                         090000041307760001104914588000000492397862009177041307760001430000000000000000002180000000000                 
1040001300016U 0600000000000054100000000000098500000000000000000000000000098500000000000546400000000000349400000000000000000000000000000010052010120520101100        000000000000000AUTOMACAO                     943                           
1040001300017T 0600249600300000286080D00000000000000000001               30042010000000000000000104029955                         090000650314450001104924588000000000097862009177650314450001300000000000000000002180000000000                 
1040001300018U 0600000000000000000000000000904600000000000000000000000000904600000000004523200000000002714000000000000000000000000000000010052010120520101100        000000000000000AUTOMACAO                     930                           
10400015         00001800000000000000000000000000000000000000000000000000000000000000000000000000000000000000058415                           00000000000000000000000000000                                                                     
10499999         000001000022000000000              00000 000000000000                                                                        00000000000000000000000000000                                                                     
