10400000         243070481000114186200              00249600300000286080SINEMPEDIFPORTCAB MUN SP      CAIXA ECONOMICA FEDERAL                 21405201004440300126806000000                                                                     
10400011T01  030 2043070481000114186200              00249600300000286080SINEMPEDIFPORTCAB MUN SP      200501                                  000000                                  000000001405201000000000                                 
1040001300001T 0600249600300000286080D00000000000000000001               11052010000000000000000237001066                         090000030320730001104964599000000000097862009177030320730001300000000000000000002220000000000                 
1040001300002U 0600000000000000000000000000047400000000000000000000000000047400000000000237000000000000142200000000000000000000000000000011052010140520101900        000000000000000CIP COMPENSACAO               930                           
1040001300003T 0600249600300000286080D00000000000000000001               11052010000000000000000237001066                         090000048334750001104914599000000000097862009177048334750001300000000000000000002220000000000                 
1040001300004U 0600000000000000000000000000090800000000000000000000000000090800000000000454000000000000272400000000000000000000000000000011052010140520101900        000000000000000CIP COMPENSACAO               930                           
1040001300005T 0600249600300000286080D00000000000000000001               30042010000000000000000104030554                         090000050373770001104974588000000000097862009177050373770001300000000000000000002180000000000                 
1040001300006U 0600000000000000000000000008537300000000000000000000000008537300000000042686700000000025612100000000000000000000000000000011052010140520102100        000000000000000AUTOMACAO                     930                           
1040001300007T 0600249600300000286080D00000000000000000001               11052010000000000021692237028428                         090000071551650001104994599000002169297862008177071551650001110000000000000000002220000000000                 
1040001300008U 0600000000000000000000000000433800000000000000000000000000433800000000002169200000000001301600000000000000000000000000000011052010140520101900        000000000000000CIP COMPENSACAO               811                           
1040001300009T 0600249600300000286080D00000000000000000001               30042010000000000000000104002674                         090000565721000001104984588000000000097862009177565721000001300000000000000000002180000000000                 
1040001300010U 0600000000000000000000000000082900000000000000000000000000082900000000000414700000000000248900000000000000000000000000000011052010140520102100        000000000000000AUTOMACAO                     930                           
1040001300011T 0600249600300000286080D00000000000000000001               30042010000000000000000104013706                         090000030743260001104914588000000000097862009177030743260001300000000000000000001090000000000                 
1040001300012U 0600000000000000000000000000220000000000000000000000000000220000000000001100000000000000660000000000000000000000000000000012052010140520101700        000000000000000LOTERICOS SISPL               930                           
1040001300013T 0600249600300000286080D00000000000000000001               30042010000000000037015104040711                         090000048889350001104934588000003701597862008177048889350001110000000000000000002180000000000                 
1040001300014U 0600000000000518200000000000740300000000000000000000000000740300000000004219700000000002739100000000000000000000000000000012052010140520101100        000000000000000AUTOMACAO                     811                           
10400015         00001400000000000000000000000000000000000000000000000000000000000000000000000000000000000000309763                           00000000000000000000000000000                                                                     
10499999         000001000018000000000              00000 000000000000                                                                        00000000000000000000000000000                                                                     
