10400000         243070481000114186200              00249600300000286080SINEMPEDIFPORTCAB MUN SP      CAIXA ECONOMICA FEDERAL                 21006201004260000128606000000                                                                     
10400011T01  030 2043070481000114186200              00249600300000286080SINEMPEDIFPORTCAB MUN SP      200501                                  000000                                  000000001006201000000000                                 
1040001300001T 0600249600300000286080D00000000000000000001               07101997000000000000000341001490                         090000030050100001104900000000000000097862006177030050100001810000000000000000002220000000000                 
1040001300002U 0600000000000000000000000000046900000000000000000000000000046900000000000234700000000000140900000000000000000000000000000007062010100620101900        000000000000000CIP COMPENSACAO               681                           
1040001300003T 0600249600300000286080D00000000000000000001               30062010000000000002350237026719                         090000082741190001104934649000000235097862009177082741190001430000000000000000002220000000000                 
1040001300004U 0600000000000000000000000000047000000000000000000000000000047000000000000235000000000000141000000000000000000000000000000007062010100620101900        000000000000000CIP COMPENSACAO               943                           
1040001300005T 0600249600300000286080D00000000000000000001               30042010000000000000000104002542                         090000544634840001104944588000000000097862009177544634840001300000000000000000002180000000000                 
1040001300006U 0600000000000000000000000000545600000000000000000000000000545600000000002728000000000001636800000000000000000000000000000007062010100620102100        000000000000000AUTOMACAO                     930                           
1040001300007T 0600249600300000286080D00000000000000000001               30062010000000000002347341007412                         090000580077820001104914649000000234797862008177580077820001110000000000000000002220000000000                 
1040001300008U 0600000000000000000000000000046900000000000000000000000000046900000000000234700000000000140900000000000000000000000000000007062010100620101900        000000000000000CIP COMPENSACAO               811                           
1040001300009T 0600249600300000286080D00000000000000000001               05062010000000000005388409000990                         090000660513190001104964624000000538897862008177660513190001110000000000000000002220000000000                 
1040001300010U 0600000000000000000000000000107800000000000000000000000000107800000000000538800000000000323200000000000000000000000000000007062010100620101900        000000000000000CIP COMPENSACAO               811                           
1040001300011T 0600249600300000286080D00000000000000000001               07101997000000000000000341007544                         090000679811590001104900000000000000097862008177679811590001110000000000000000002220000000000                 
1040001300012U 0600000000000000000000000000268500000000000000000000000000268500000000001342300000000000805300000000000000000000000000000007062010100620101900        000000000000000CIP COMPENSACAO               811                           
1040001300013T 0600249600300000286080D00000000000000000001               30042010000000000000000104041424                         090000000006740001104914588000000000097862009177000006740001300000000000000000002180000000000                 
1040001300014U 0600000000000000000000000000215100000000000000000000000000215100000000001075300000000000645100000000000000000000000000000008062010100620101100        000000000000000AUTOMACAO                     930                           
1040001300015T 0600249600300000286080D00000000000000000001               30062010000000000000000104012300                         090000545266370001104924649000000000097862009177545266370001300000000000000000002180000000000                 
1040001300016U 0600000000000000000000000000044900000000000000000000000000044900000000000224700000000000134900000000000000000000000000000008062010100620101100        000000000000000AUTOMACAO                     930                           
10400015         00001600000000000000000000000000000000000000000000000000000000000000000000000000000000000000039681                           00000000000000000000000000000                                                                     
10499999         000001000020000000000              00000 000000000000                                                                        00000000000000000000000000000                                                                     
