10400000         243070481000114186200              00249600300000286080SINEMPEDIFPORTCAB MUN SP      CAIXA ECONOMICA FEDERAL                 22604201005233200125506000000                                                                     
10400011T01  030 2043070481000114186200              00249600300000286080SINEMPEDIFPORTCAB MUN SP      200501                                  000000                                  000000002604201000000000                                 
1040001300001T 0600249600300000286080D00000000000000000001               30042010000000000006761341030066                         090000000100617891104964588000000676197862008177000100617891110000000000000000002220000000000                 
1040001300002U 0600000000000000000000000000135200000000000000000000000000135200000000000676100000000000405700000000000000000000000000000022042010270420101900        000000000000000CIP COMPENSACAO               811                           
1040001300003T 0600249600300000286080D00000000000000000001               30042010000000000003896341030066                         090000000100617891104934588000000389697862008177000100617891110000000000000000002220000000000                 
1040001300004U 0600000000000000000000000000077900000000000000000000000000077900000000000389600000000000233800000000000000000000000000000022042010270420101900        000000000000000CIP COMPENSACAO               811                           
1040001300005T 0600249600300000286080D00000000000000000001               30042010000000000002449237037869                         090000000170518868104934588000000244997862009177000170518868600000000000000000002220000000000                 
1040001300006U 0600000000000000000000000000049000000000000000000000000000049000000000000244900000000000146900000000000000000000000000000022042010270420101900        000000000000000CIP COMPENSACAO               960                           
1040001300007T 0600249600300000286080D00000000000000000001               30042010000000000002737237037869                         090000000170518868104994588000000273797862009177000170518868600000000000000000002220000000000                 
1040001300008U 0600000000000000000000000000054700000000000000000000000000054700000000000273700000000000164300000000000000000000000000000022042010270420101900        000000000000000CIP COMPENSACAO               960                           
1040001300009T 0600249600300000286080D00000000000000000001               30042010000000000000000341064360                         090000001630350001104924588000000000097862009177001630350001300000000000000000002220000000000                 
1040001300010U 0600000000000000000000000000238700000000000000000000000000238700000000001193300000000000715900000000000000000000000000000022042010270420101900        000000000000000CIP COMPENSACAO               930                           
1040001300011T 0600249600300000286080D00000000000000000001               30042010000000000000000341037559                         090000002190319017104954588000000000097862009177002190319017300000000000000000002220000000000                 
1040001300012U 0600000000000000000000000000068200000000000000000000000000068200000000000341000000000000204600000000000000000000000000000022042010270420101900        000000000000000CIP COMPENSACAO               930                           
1040001300013T 0600249600300000286080D00000000000000000001               30042010000000000000000341067644                         090000002984190001104934588000000000097862009177002984190001300000000000000000002220000000000                 
1040001300014U 0600000000000000000000000000157100000000000000000000000000157100000000000785400000000000471200000000000000000000000000000022042010270420101900        000000000000000CIP COMPENSACAO               930                           
1040001300015T 0600249600300000286080D00000000000000000001               30042010000000000000000341000680                         090000005234350001104914588000000000097862009177005234350001300000000000000000002220000000000                 
1040001300016U 0600000000000000000000000000049000000000000000000000000000049000000000000244900000000000146900000000000000000000000000000022042010270420101900        000000000000000CIP COMPENSACAO               930                           
1040001300017T 0600249600300000286080D00000000000000000001               30042010000000000000000341000671                         090000006139980001104914588000000000097862009177006139980001300000000000000000002220000000000                 
1040001300018U 0600000000000000000000000000347800000000000000000000000000347800000000001738800000000001043200000000000000000000000000000022042010270420101900        000000000000000CIP COMPENSACAO               930                           
1040001300019T 0600249600300000286080D00000000000000000001               30042010000000000000000341007722                         090000007080610001104984588000000000097862009177007080610001300000000000000000002220000000000                 
1040001300020U 0600000000000000000000000000095000000000000000000000000000095000000000000475000000000000285000000000000000000000000000000022042010270420101900        000000000000000CIP COMPENSACAO               930                           
1040001300021T 0600249600300000286080D00000000000000000001               30042010000000000000000341003603                         090000008948590001104974588000000000097862009177008948590001300000000000000000002220000000000                 
1040001300022U 0600000000000000000000000000078900000000000000000000000000078900000000000394600000000000236800000000000000000000000000000022042010270420101900        000000000000000CIP COMPENSACAO               930                           
1040001300023T 0600249600300000286080D00000000000000000001               30042010000000000000000001057177                         090000009341470001104914588000000000097862009177009341470001300000000000000000002220000000000                 
1040001300024U 0600000000000000000000000000073300000000000000000000000000073300000000000366600000000000220000000000000000000000000000000022042010270420101900        000000000000000CIP COMPENSACAO               930                           
1040001300025T 0600249600300000286080D00000000000000000001               07101997000000000000000341003603                         090000014069290001104900000000000000097862009177014069290001300000000000000000002220000000000                 
1040001300026U 0600000000000000000000000000090100000000000000000000000000090100000000000450300000000000270100000000000000000000000000000022042010270420101900        000000000000000CIP COMPENSACAO               930                           
1040001300027T 0600249600300000286080D00000000000000000001               30042010000000000000000341000663                         090000014922920001104944588000000000097862009177014922920001300000000000000000002220000000000                 
1040001300028U 0600000000000000000000000000055800000000000000000000000000055800000000000278900000000000167300000000000000000000000000000022042010270420101900        000000000000000CIP COMPENSACAO               930                           
1040001300029T 0600249600300000286080D00000000000000000001               30042010000000000000000341079286                         090000015464470001104984588000000000097862009177015464470001300000000000000000002220000000000                 
1040001300030U 0600000000000000000000000000122400000000000000000000000000122400000000000611800000000000367000000000000000000000000000000022042010270420101900        000000000000000CIP COMPENSACAO               930                           
1040001300031T 0600249600300000286080D00000000000000000001               30042010000000000000000341043001                         090000020748780001104914588000000000097862009177020748780001300000000000000000002220000000000                 
1040001300032U 0600000000000000000000000000461100000000000000000000000000461100000000002305300000000001383100000000000000000000000000000022042010270420101900        000000000000000CIP COMPENSACAO               930                           
1040001300033T 0600249600300000286080D00000000000000000001               30042010000000000002500341007757                         090000022794910001104924588000000250097862008177022794910001110000000000000000002220000000000                 
1040001300034U 0600000000000000000000000000050000000000000000000000000000050000000000000250000000000000150000000000000000000000000000000022042010270420101900        000000000000000CIP COMPENSACAO               811                           
1040001300035T 0600249600300000286080D00000000000000000001               30042010000000000000000341078476                         090000022921560001104934588000000000097862009177022921560001300000000000000000002220000000000                 
1040001300036U 0600000000000000000000000000082300000000000000000000000000082300000000000411400000000000246800000000000000000000000000000022042010270420101900        000000000000000CIP COMPENSACAO               930                           
1040001300037T 0600249600300000286080D00000000000000000001               30042010000000000000000356004103                         090000027261440001104904588000000000097862009177027261440001300000000000000000002220000000000                 
1040001300038U 0600000000000000000000000000329300000000000000000000000000329300000000001646500000000000987900000000000000000000000000000022042010270420101900        000000000000000CIP COMPENSACAO               930                           
1040001300039T 0600249600300000286080D00000000000000000001               30042010000000000000000237022810                         090000028341240001104914588000000000097862009177028341240001300000000000000000002220000000000                 
1040001300040U 0600000000000000000000000000115000000000000000000000000000115000000000000575000000000000345000000000000000000000000000000022042010270420101900        000000000000000CIP COMPENSACAO               930                           
1040001300041T 0600249600300000286080D00000000000000000001               30042010000000000000000341001902                         090000030250420001104934588000000000097862009177030250420001300000000000000000002220000000000                 
1040001300042U 0600000000000000000000000000304900000000000000000000000000304900000000001524300000000000914500000000000000000000000000000022042010270420101900        000000000000000CIP COMPENSACAO               930                           
1040001300043T 0600249600300000286080D00000000000000000001               30042010000000000000000341001945                         090000036708760001104934588000000000097862009177036708760001300000000000000000002220000000000                 
1040001300044U 0600000000000000000000000000303300000000000000000000000000303300000000001516500000000000909900000000000000000000000000000022042010270420101900        000000000000000CIP COMPENSACAO               930                           
1040001300045T 0600249600300000286080D00000000000000000001               30042010000000000000000341007595                         090000046325360001104954588000000000097862009177046325360001300000000000000000002220000000000                 
1040001300046U 0600000000000000000000000000056500000000000000000000000000056500000000000282700000000000169700000000000000000000000000000022042010270420101900        000000000000000CIP COMPENSACAO               930                           
1040001300047T 0600249600300000286080D00000000000000000001               30042010000000000000000341007757                         090000051447010001104914588000000000097862009177051447010001300000000000000000002220000000000                 
1040001300048U 0600000000000000000000000000517200000000000000000000000000517200000000002586200000000001551800000000000000000000000000000022042010270420101900        000000000000000CIP COMPENSACAO               930                           
1040001300049T 0600249600300000286080D00000000000000000001               30042010000000000000000033021830                         090000053001330001104994588000000000097862009177053001330001300000000000000000002220000000000                 
1040001300050U 0600000000000000000000000000052400000000000000000000000000052400000000000261900000000000157100000000000000000000000000000022042010270420101900        000000000000000CIP COMPENSACAO               930                           
1040001300051T 0600249600300000286080D00000000000000000001               30042010000000000000000341003603                         090000062876000001104974588000000000097862009177062876000001300000000000000000002220000000000                 
1040001300052U 0600000000000000000000000000310000000000000000000000000000310000000000001549900000000000929900000000000000000000000000000022042010270420101900        000000000000000CIP COMPENSACAO               930                           
1040001300053T 0600249600300000286080D00000000000000000001               30042010000000000000000341081221                         090000069339050001104924588000000000097862009177069339050001300000000000000000002220000000000                 
1040001300054U 0600000000000000000000000000143300000000000000000000000000143300000000000716700000000000430100000000000000000000000000000022042010270420101900        000000000000000CIP COMPENSACAO               930                           
1040001300055T 0600249600300000286080D00000000000000000001               30042010000000000000000341007722                         090000069951490001104984588000000000097862009177069951490001300000000000000000002220000000000                 
1040001300056U 0600000000000000000000000000077000000000000000000000000000077000000000000385000000000000231000000000000000000000000000000022042010270420101900        000000000000000CIP COMPENSACAO               930                           
1040001300057T 0600249600300000286080D00000000000000000001               30042010000000000000000341006440                         090000073776570001104994588000000000097862009177073776570001300000000000000000002220000000000                 
1040001300058U 0600000000000000000000000000049100000000000000000000000000049100000000000245300000000000147100000000000000000000000000000022042010270420101900        000000000000000CIP COMPENSACAO               930                           
1040001300059T 0600249600300000286080D00000000000000000001               30042010000000000000000341003603                         090000077962600001104964588000000000097862009177077962600001300000000000000000002220000000000                 
1040001300060U 0600000000000000000000000000442800000000000000000000000000442800000000002214000000000001328400000000000000000000000000000022042010270420101900        000000000000000CIP COMPENSACAO               930                           
1040001300061T 0600249600300000286080D00000000000000000001               30042010000000000000000341007722                         090000079682080001104934588000000000097862009177079682080001300000000000000000002220000000000                 
1040001300062U 0600000000000000000000000000093500000000000000000000000000093500000000000467600000000000280600000000000000000000000000000022042010270420101900        000000000000000CIP COMPENSACAO               930                           
1040001300063T 0600249600300000286080D00000000000000000001               30042010000000000025102341000744                         090000082273720001104984588000002510297862008177082273720001110000000000000000002220000000000                 
1040001300064U 0600000000000000000000000000502000000000000000000000000000502000000000002510200000000001506200000000000000000000000000000022042010270420101900        000000000000000CIP COMPENSACAO               811                           
1040001300065T 0600249600300000286080D00000000000000000001               30042010000000000000000341032425                         090000095270720001104984588000000000097862009177095270720001300000000000000000002220000000000                 
1040001300066U 0600000000000000000000000000046900000000000000000000000000046900000000000234700000000000140900000000000000000000000000000022042010270420101900        000000000000000CIP COMPENSACAO               930                           
1040001300067T 0600249600300000286080D00000000000000000001               30042010000000000042565237033910                         090000111129700001104914588000004256597862008177111129700001110000000000000000002220000000000                 
1040001300068U 0600000000000000000000000000851300000000000000000000000000851300000000004256500000000002553900000000000000000000000000000022042010270420101900        000000000000000CIP COMPENSACAO               811                           
1040001300069T 0600249600300000286080D00000000000000000001               30042010000000000000000341006440                         090000388847300001104914588000000000097862009177388847300001300000000000000000002220000000000                 
1040001300070U 0600000000000000000000000000336500000000000000000000000000336500000000001682700000000001009700000000000000000000000000000022042010270420101900        000000000000000CIP COMPENSACAO               930                           
1040001300071T 0600249600300000286080D00000000000000000001               30042010000000000000000341007722                         090000388851740001104984588000000000097862009177388851740001300000000000000000002220000000000                 
1040001300072U 0600000000000000000000000000292900000000000000000000000000292900000000001464600000000000878800000000000000000000000000000022042010270420101900        000000000000000CIP COMPENSACAO               930                           
1040001300073T 0600249600300000286080D00000000000000000001               30042010000000000000000341064360                         090000388885580001104914588000000000097862009177388885580001300000000000000000002220000000000                 
1040001300074U 0600000000000000000000000000046900000000000000000000000000046900000000000234700000000000140900000000000000000000000000000022042010270420101900        000000000000000CIP COMPENSACAO               930                           
1040001300075T 0600249600300000286080D00000000000000000001               30042010000000000000000341043001                         090000538235300001104944588000000000097862009177538235300001300000000000000000002220000000000                 
1040001300076U 0600000000000000000000000000296000000000000000000000000000296000000000001480200000000000888200000000000000000000000000000022042010270420101900        000000000000000CIP COMPENSACAO               930                           
1040001300077T 0600249600300000286080D00000000000000000001               30042010000000000016817341007439                         090000538241400001104994588000001681797862008177538241400001110000000000000000002220000000000                 
1040001300078U 0600000000000000000000000000336300000000000000000000000000336300000000001681700000000001009100000000000000000000000000000022042010270420101900        000000000000000CIP COMPENSACAO               811                           
1040001300079T 0600249600300000286080D00000000000000000001               30042010000000000000000237027200                         090000538250060001104994588000000000097862009177538250060001300000000000000000002220000000000                 
1040001300080U 0600000000000000000000000000166000000000000000000000000000166000000000000830100000000000498100000000000000000000000000000022042010270420101900        000000000000000CIP COMPENSACAO               930                           
1040001300081T 0600249600300000286080D00000000000000000001               30042010000000000000000033002330                         090000538260200001104934588000000000097862009177538260200001300000000000000000002220000000000                 
1040001300082U 0600000000000000000000000000542000000000000000000000000000542000000000002710100000000001626100000000000000000000000000000022042010270420101900        000000000000000CIP COMPENSACAO               930                           
1040001300083T 0600249600300000286080D00000000000000000001               30042010000000000000000341008451                         090000538368050001104954588000000000097862009177538368050001300000000000000000002220000000000                 
1040001300084U 0600000000000000000000000000806200000000000000000000000000806200000000004031200000000002418800000000000000000000000000000022042010270420101900        000000000000000CIP COMPENSACAO               930                           
1040001300085T 0600249600300000286080D00000000000000000001               30042010000000000000000237001058                         090000539878890001104954588000000000097862009177539878890001300000000000000000002220000000000                 
1040001300086U 0600000000000000000000000000268600000000000000000000000000268600000000001343000000000000805800000000000000000000000000000022042010270420101900        000000000000000CIP COMPENSACAO               930                           
1040001300087T 0600249600300000286080D00000000000000000001               30042010000000000000000341043001                         090000539952130001104994588000000000097862009177539952130001300000000000000000002220000000000                 
1040001300088U 0600000000000000000000000000188000000000000000000000000000188000000000000940000000000000564000000000000000000000000000000022042010270420101900        000000000000000CIP COMPENSACAO               930                           
1040001300089T 0600249600300000286080D00000000000000000001               30042010000000000000000341029238                         090000540604620001104914588000000000097862009177540604620001300000000000000000002220000000000                 
1040001300090U 0600000000000000000000000000193300000000000000000000000000193300000000000966600000000000580000000000000000000000000000000022042010270420101900        000000000000000CIP COMPENSACAO               930                           
1040001300091T 0600249600300000286080D00000000000000000001               30042010000000000000000341064360                         090000540612470001104924588000000000097862009177540612470001300000000000000000002220000000000                 
1040001300092U 0600000000000000000000000000300300000000000000000000000000300300000000001501300000000000900700000000000000000000000000000022042010270420101900        000000000000000CIP COMPENSACAO               930                           
1040001300093T 0600249600300000286080D00000000000000000001               30042010000000000000000356016160                         090000540615360001104904588000000000097862009177540615360001300000000000000000002220000000000                 
1040001300094U 0600000000000000000000000000243300000000000000000000000000243300000000001216400000000000729800000000000000000000000000000022042010270420101900        000000000000000CIP COMPENSACAO               930                           
1040001300095T 0600249600300000286080D00000000000000000001               30042010000000000000000341003336                         090000540643160001104944588000000000097862009177540643160001300000000000000000002220000000000                 
1040001300096U 0600000000000000000000000000609300000000000000000000000000609300000000003046400000000001827800000000000000000000000000000022042010270420101900        000000000000000CIP COMPENSACAO               930                           
1040001300097T 0600249600300000286080D00000000000000000001               30042010000000000000000399003450                         090000540662950001104924588000000000097862009177540662950001300000000000000000002220000000000                 
1040001300098U 0600000000000000000000000000678400000000000000000000000000678400000000003392000000000002035200000000000000000000000000000022042010270420101900        000000000000000CIP COMPENSACAO               930                           
1040001300099T 0600249600300000286080D00000000000000000001               30042010000000000000000237031143                         090000540714770001104914588000000000097862009177540714770001300000000000000000002220000000000                 
1040001300100U 0600000000000000000000000000362700000000000000000000000000362700000000001813300000000001087900000000000000000000000000000022042010270420101900        000000000000000CIP COMPENSACAO               930                           
1040001300101T 0600249600300000286080D00000000000000000001               30042010000000000000000341006602                         090000542044330001104914588000000000097862009177542044330001300000000000000000002220000000000                 
1040001300102U 0600000000000000000000000000264200000000000000000000000000264200000000001321100000000000792700000000000000000000000000000022042010270420101900        000000000000000CIP COMPENSACAO               930                           
1040001300103T 0600249600300000286080D00000000000000000001               30042010000000000000000341002372                         090000542045650001104914588000000000097862009177542045650001300000000000000000002220000000000                 
1040001300104U 0600000000000000000000000000233000000000000000000000000000233000000000001165000000000000699000000000000000000000000000000022042010270420101900        000000000000000CIP COMPENSACAO               930                           
1040001300105T 0600249600300000286080D00000000000000000001               30042010000000000000000237037869                         090000542082360001104914588000000000097862009177542082360001300000000000000000002220000000000                 
1040001300106U 0600000000000000000000000002014800000000000000000000000002014800000000010073800000000006044200000000000000000000000000000022042010270420101900        000000000000000CIP COMPENSACAO               930                           
1040001300107T 0600249600300000286080D00000000000000000001               30042010000000000000000341006602                         090000542184660001104914588000000000097862009177542184660001300000000000000000002220000000000                 
1040001300108U 0600000000000000000000000000357400000000000000000000000000357400000000001787000000000001072200000000000000000000000000000022042010270420101900        000000000000000CIP COMPENSACAO               930                           
1040001300109T 0600249600300000286080D00000000000000000001               30042010000000000000000341064360                         090000542404860001104944588000000000097862009177542404860001300000000000000000002220000000000                 
1040001300110U 0600000000000000000000000000347800000000000000000000000000347800000000001739100000000001043500000000000000000000000000000022042010270420101900        000000000000000CIP COMPENSACAO               930                           
1040001300111T 0600249600300000286080D00000000000000000001               30042010000000000000000237002925                         090000542418490001104954588000000000097862009177542418490001300000000000000000002220000000000                 
1040001300112U 0600000000000000000000000000553900000000000000000000000000553900000000002769600000000001661800000000000000000000000000000022042010270420101900        000000000000000CIP COMPENSACAO               930                           
1040001300113T 0600249600300000286080D00000000000000000001               30042010000000000000000341007757                         090000542821080001104914588000000000097862009177542821080001300000000000000000002220000000000                 
1040001300114U 0600000000000000000000000000287200000000000000000000000000287200000000001436000000000000861600000000000000000000000000000022042010270420101900        000000000000000CIP COMPENSACAO               930                           
1040001300115T 0600249600300000286080D00000000000000000001               30042010000000000000000237032638                         090000543214270001104964588000000000097862009177543214270001300000000000000000002220000000000                 
1040001300116U 0600000000000000000000000000099000000000000000000000000000099000000000000495000000000000297000000000000000000000000000000022042010270420101900        000000000000000CIP COMPENSACAO               930                           
1040001300117T 0600249600300000286080D00000000000000000001               30042010000000000000000399004677                         090000543237040001104934588000000000097862009177543237040001300000000000000000002220000000000                 
1040001300118U 0600000000000000000000000000749700000000000000000000000000749700000000003748700000000002249300000000000000000000000000000022042010270420101900        000000000000000CIP COMPENSACAO               930                           
1040001300119T 0600249600300000286080D00000000000000000001               30042010000000000000000341002518                         090000543618520001104964588000000000097862009177543618520001300000000000000000002220000000000                 
1040001300120U 0600000000000000000000000000455900000000000000000000000000455900000000002279500000000001367700000000000000000000000000000022042010270420101900        000000000000000CIP COMPENSACAO               930                           
1040001300121T 0600249600300000286080D00000000000000000001               30042010000000000000000356004103                         090000544576840001104904588000000000097862009177544576840001300000000000000000002220000000000                 
1040001300122U 0600000000000000000000000000464700000000000000000000000000464700000000002323500000000001394100000000000000000000000000000022042010270420101900        000000000000000CIP COMPENSACAO               930                           
1040001300123T 0600249600300000286080D00000000000000000001               30042010000000000000000237000957                         090000545307380001104954588000000000097862009177545307380001300000000000000000002220000000000                 
1040001300124U 0600000000000000000000000000409400000000000000000000000000409400000000002046800000000001228000000000000000000000000000000022042010270420101900        000000000000000CIP COMPENSACAO               930                           
1040001300125T 0600249600300000286080D00000000000000000001               30042010000000000000000237002976                         090000545334010001104984588000000000097862009177545334010001300000000000000000002220000000000                 
1040001300126U 0600000000000000000000000000234800000000000000000000000000234800000000001173800000000000704200000000000000000000000000000022042010270420101900        000000000000000CIP COMPENSACAO               930                           
1040001300127T 0600249600300000286080D00000000000000000001               07101997000000000000000341003999                         090000545722500001104900000000000000097862009177545722500001300000000000000000002220000000000                 
1040001300128U 0600000000000000000000000000699600000000000000000000000000699600000000003498000000000002098800000000000000000000000000000022042010270420101900        000000000000000CIP COMPENSACAO               930                           
1040001300129T 0600249600300000286080D00000000000000000001               30042010000000000000000033002208                         090000545811290001104964588000000000097862009177545811290001300000000000000000002220000000000                 
1040001300130U 0600000000000000000000000000049100000000000000000000000000049100000000000245300000000000147100000000000000000000000000000022042010270420101900        000000000000000CIP COMPENSACAO               930                           
1040001300131T 0600249600300000286080D00000000000000000001               30042010000000000000000341007722                         090000546063220001104944588000000000097862009177546063220001300000000000000000002220000000000                 
1040001300132U 0600000000000000000000000000513600000000000000000000000000513600000000002568000000000001540800000000000000000000000000000022042010270420101900        000000000000000CIP COMPENSACAO               930                           
1040001300133T 0600249600300000286080D00000000000000000001               30042010000000000000000341007757                         090000546082370001104964588000000000097862009177546082370001300000000000000000002220000000000                 
1040001300134U 0600000000000000000000000000477400000000000000000000000000477400000000002387000000000001432200000000000000000000000000000022042010270420101900        000000000000000CIP COMPENSACAO               930                           
1040001300135T 0600249600300000286080D00000000000000000001               30042010000000000000000341043001                         090000546104310001104944588000000000097862009177546104310001300000000000000000002220000000000                 
1040001300136U 0600000000000000000000000000330200000000000000000000000000330200000000001650800000000000990400000000000000000000000000000022042010270420101900        000000000000000CIP COMPENSACAO               930                           
1040001300137T 0600249600300000286080D00000000000000000001               30042010000000000000000341006440                         090000546360060001104964588000000000097862009177546360060001300000000000000000002220000000000                 
1040001300138U 0600000000000000000000000000053300000000000000000000000000053300000000000266600000000000160000000000000000000000000000000022042010270420101900        000000000000000CIP COMPENSACAO               930                           
1040001300139T 0600249600300000286080D00000000000000000001               30042010000000000000000237000930                         090000546418810001104924588000000000097862009177546418810001300000000000000000002220000000000                 
1040001300140U 0600000000000000000000000000049000000000000000000000000000049000000000000244900000000000146900000000000000000000000000000022042010270420101900        000000000000000CIP COMPENSACAO               930                           
1040001300141T 0600249600300000286080D00000000000000000001               30042010000000000000000237011916                         090000546589760001104914588000000000097862009177546589760001300000000000000000002220000000000                 
1040001300142U 0600000000000000000000000000235600000000000000000000000000235600000000001177800000000000706600000000000000000000000000000022042010270420101900        000000000000000CIP COMPENSACAO               930                           
1040001300143T 0600249600300000286080D00000000000000000001               30042010000000000000000341004545                         090000547518620001104934588000000000097862009177547518620001300000000000000000002220000000000                 
1040001300144U 0600000000000000000000000000269000000000000000000000000000269000000000001345000000000000807000000000000000000000000000000022042010270420101900        000000000000000CIP COMPENSACAO               930                           
1040001300145T 0600249600300000286080D00000000000000000001               30042010000000000000000237002003                         090000549562550001104984588000000000097862009177549562550001300000000000000000002220000000000                 
1040001300146U 0600000000000000000000000000142000000000000000000000000000142000000000000710200000000000426200000000000000000000000000000022042010270420101900        000000000000000CIP COMPENSACAO               930                           
1040001300147T 0600249600300000286080D00000000000000000001               30042010000000000000000341002372                         090000550754690001104984588000000000097862009177550754690001300000000000000000002220000000000                 
1040001300148U 0600000000000000000000000000053500000000000000000000000000053500000000000267700000000000160700000000000000000000000000000022042010270420101900        000000000000000CIP COMPENSACAO               930                           
1040001300149T 0600249600300000286080D00000000000000000001               07101997000000000012448356001368                         090000550828040001104900000000001244897862008177550828040001110000000000000000002220000000000                 
1040001300150U 0600000000000000000000000000249000000000000000000000000000249000000000001244800000000000746800000000000000000000000000000022042010270420101900        000000000000000CIP COMPENSACAO               811                           
1040001300151T 0600249600300000286080D00000000000000000001               30042010000000000027947341010006                         090000552267400001104914588000002794797862008177552267400001110000000000000000002220000000000                 
1040001300152U 0600000000000000000000000000558900000000000000000000000000558900000000002794700000000001676900000000000000000000000000000022042010270420101900        000000000000000CIP COMPENSACAO               811                           
1040001300153T 0600249600300000286080D00000000000000000001               30042010000000000000000341007757                         090000552943590001104944588000000000097862009177552943590001300000000000000000002220000000000                 
1040001300154U 0600000000000000000000000000230000000000000000000000000000230000000000001149800000000000689800000000000000000000000000000022042010270420101900        000000000000000CIP COMPENSACAO               930                           
1040001300155T 0600249600300000286080D00000000000000000001               07101997000000000026983356001368                         090000553820630001104900000000002698397862009177553820630001300000000000000000002220000000000                 
1040001300156U 0600000000000000000000000000539700000000000000000000000000539700000000002698300000000001618900000000000000000000000000000022042010270420101900        000000000000000CIP COMPENSACAO               930                           
1040001300157T 0600249600300000286080D00000000000000000001               30042010000000000000000341006440                         090000553832690001104914588000000000097862009177553832690001300000000000000000002220000000000                 
1040001300158U 0600000000000000000000000000409900000000000000000000000000409900000000002049600000000001229800000000000000000000000000000022042010270420101900        000000000000000CIP COMPENSACAO               930                           
1040001300159T 0600249600300000286080D00000000000000000001               30042010000000000000000341006440                         090000553983090001104914588000000000097862009177553983090001300000000000000000002220000000000                 
1040001300160U 0600000000000000000000000000218400000000000000000000000000218400000000001092000000000000655200000000000000000000000000000022042010270420101900        000000000000000CIP COMPENSACAO               930                           
1040001300161T 0600249600300000286080D00000000000000000001               30042010000000000000000341064360                         090000553999920001104934588000000000097862009177553999920001300000000000000000002220000000000                 
1040001300162U 0600000000000000000000000000290600000000000000000000000000290600000000001453100000000000871900000000000000000000000000000022042010270420101900        000000000000000CIP COMPENSACAO               930                           
1040001300163T 0600249600300000286080D00000000000000000001               30042010000000000000000341006440                         090000554397800001104974588000000000097862009177554397800001300000000000000000002220000000000                 
1040001300164U 0600000000000000000000000000200000000000000000000000000000200000000000001000000000000000600000000000000000000000000000000022042010270420101900        000000000000000CIP COMPENSACAO               930                           
1040001300165T 0600249600300000286080D00000000000000000001               30042010000000000007867409004510                         090000555757650001104914588000000786797862008177555757650001110000000000000000002220000000000                 
1040001300166U 0600000000000000000000000000157300000000000000000000000000157300000000000786700000000000472100000000000000000000000000000022042010270420101900        000000000000000CIP COMPENSACAO               811                           
1040001300167T 0600249600300000286080D00000000000000000001               30042010000000000000000237011916                         090000559490100001104914588000000000097862009177559490100001300000000000000000002220000000000                 
1040001300168U 0600000000000000000000000000049100000000000000000000000000049100000000000245300000000000147100000000000000000000000000000022042010270420101900        000000000000000CIP COMPENSACAO               930                           
1040001300169T 0600249600300000286080D00000000000000000001               30042010000000000011747399004677                         090000559511720001104924588000001174797862008177559511720001110000000000000000002220000000000                 
1040001300170U 0600000000000000000000000000234900000000000000000000000000234900000000001174700000000000704900000000000000000000000000000022042010270420101900        000000000000000CIP COMPENSACAO               811                           
1040001300171T 0600249600300000286080D00000000000000000001               30042010000000000000000237004499                         090000560881150001104964588000000000097862009177560881150001300000000000000000002220000000000                 
1040001300172U 0600000000000000000000000000341900000000000000000000000000341900000000001709700000000001025900000000000000000000000000000022042010270420101900        000000000000000CIP COMPENSACAO               930                           
1040001300173T 0600249600300000286080D00000000000000000001               30042010000000000000000341007722                         090000565769780001104974588000000000097862009177565769780001300000000000000000002220000000000                 
1040001300174U 0600000000000000000000000000404300000000000000000000000000404300000000002021600000000001213000000000000000000000000000000022042010270420101900        000000000000000CIP COMPENSACAO               930                           
1040001300175T 0600249600300000286080D00000000000000000001               30042010000000000000000341068764                         090000570627390001104984588000000000097862009177570627390001300000000000000000002220000000000                 
1040001300176U 0600000000000000000000000000747600000000000000000000000000747600000000003737800000000002242600000000000000000000000000000022042010270420101900        000000000000000CIP COMPENSACAO               930                           
1040001300177T 0600249600300000286080D00000000000000000001               30042010000000000000000341000477                         090000570632730001104954588000000000097862009177570632730001300000000000000000002220000000000                 
1040001300178U 0600000000000000000000000000188000000000000000000000000000188000000000000940000000000000564000000000000000000000000000000022042010270420101900        000000000000000CIP COMPENSACAO               930                           
1040001300179T 0600249600300000286080D00000000000000000001               30042010000000000000000341064360                         090000572844080001104934588000000000097862009177572844080001300000000000000000002220000000000                 
1040001300180U 0600000000000000000000000000213000000000000000000000000000213000000000001065200000000000639200000000000000000000000000000022042010270420101900        000000000000000CIP COMPENSACAO               930                           
1040001300181T 0600249600300000286080D00000000000000000001               30042010000000000000000237010740                         090000576514240001104974588000000000097862009177576514240001300000000000000000002220000000000                 
1040001300182U 0600000000000000000000000000571000000000000000000000000000571000000000002854800000000001712800000000000000000000000000000022042010270420101900        000000000000000CIP COMPENSACAO               930                           
1040001300183T 0600249600300000286080D00000000000000000001               30042010000000000000000341001520                         090000576514650001104974588000000000097862009177576514650001300000000000000000002220000000000                 
1040001300184U 0600000000000000000000000000091600000000000000000000000000091600000000000458000000000000274800000000000000000000000000000022042010270420101900        000000000000000CIP COMPENSACAO               930                           
1040001300185T 0600249600300000286080D00000000000000000001               30042010000000000000000341006440                         090000576595260001104994588000000000097862009177576595260001300000000000000000002220000000000                 
1040001300186U 0600000000000000000000000000139300000000000000000000000000139300000000000696300000000000417700000000000000000000000000000022042010270420101900        000000000000000CIP COMPENSACAO               930                           
1040001300187T 0600249600300000286080D00000000000000000001               30042010000000000000000237000990                         090000577476770001104934588000000000097862009177577476770001300000000000000000002220000000000                 
1040001300188U 0600000000000000000000000000603900000000000000000000000000603900000000003019600000000001811800000000000000000000000000000022042010270420101900        000000000000000CIP COMPENSACAO               930                           
1040001300189T 0600249600300000286080D00000000000000000001               30042010000000000000000341007722                         090000577514970001104934588000000000097862009177577514970001300000000000000000002220000000000                 
1040001300190U 0600000000000000000000000000750800000000000000000000000000750800000000003754000000000002252400000000000000000000000000000022042010270420101900        000000000000000CIP COMPENSACAO               930                           
1040001300191T 0600249600300000286080D00000000000000000001               30042010000000000000000033002054                         090000581191570001104964588000000000097862009177581191570001300000000000000000002220000000000                 
1040001300192U 0600000000000000000000000000234700000000000000000000000000234700000000001173500000000000704100000000000000000000000000000022042010270420101900        000000000000000CIP COMPENSACAO               930                           
1040001300193T 0600249600300000286080D00000000000000000001               30042010000000000110352151003840                         090000584957300001104964588000011035297862008177584957300001110000000000000000002220000000000                 
1040001300194U 0600000000000000000000000002207000000000000000000000000002207000000000011035200000000006621200000000000000000000000000000022042010270420101900        000000000000000CIP COMPENSACAO               811                           
1040001300195T 0600249600300000286080D00000000000000000001               30042010000000000000000356000884                         090000590925770001104904588000000000097862009177590925770001300000000000000000002220000000000                 
1040001300196U 0600000000000000000000000000291800000000000000000000000000291800000000001458900000000000875300000000000000000000000000000022042010270420101900        000000000000000CIP COMPENSACAO               930                           
1040001300197T 0600249600300000286080D00000000000000000001               30042010000000000000000341064360                         090000591783920001104914588000000000097862009177591783920001300000000000000000002220000000000                 
1040001300198U 0600000000000000000000000000230600000000000000000000000000230600000000001153200000000000692000000000000000000000000000000022042010270420101900        000000000000000CIP COMPENSACAO               930                           
1040001300199T 0600249600300000286080D00000000000000000001               30042010000000000000000341002119                         090000595729090001104914588000000000097862009177595729090001300000000000000000002220000000000                 
1040001300200U 0600000000000000000000000000239800000000000000000000000000239800000000001199100000000000719500000000000000000000000000000022042010270420101900        000000000000000CIP COMPENSACAO               930                           
1040001300201T 0600249600300000286080D00000000000000000001               07101997000000000000000341000612                         090000599412110001104900000000000000097862009177599412110001300000000000000000002220000000000                 
1040001300202U 0600000000000000000000000000049000000000000000000000000000049000000000000244900000000000146900000000000000000000000000000022042010270420101900        000000000000000CIP COMPENSACAO               930                           
1040001300203T 0600249600300000286080D00000000000000000001               30042010000000000062425341000728                         090000599460950001104934588000006242597862008177599460950001110000000000000000002220000000000                 
1040001300204U 0600000000000000000000000001248500000000000000000000000001248500000000006242500000000003745500000000000000000000000000000022042010270420101900        000000000000000CIP COMPENSACAO               811                           
1040001300205T 0600249600300000286080D00000000000000000001               30042010000000000000000341007722                         090000599541640001104974588000000000097862009177599541640001300000000000000000002220000000000                 
1040001300206U 0600000000000000000000000000249800000000000000000000000000249800000000001249000000000000749400000000000000000000000000000022042010270420101900        000000000000000CIP COMPENSACAO               930                           
1040001300207T 0600249600300000286080D00000000000000000001               30042010000000000000000341007722                         090000602637790001104954588000000000097862009177602637790001300000000000000000002220000000000                 
1040001300208U 0600000000000000000000000000387400000000000000000000000000387400000000001937200000000001162400000000000000000000000000000022042010270420101900        000000000000000CIP COMPENSACAO               930                           
1040001300209T 0600249600300000286080D00000000000000000001               30042010000000000000000341001830                         090000603760920001104964588000000000097862009177603760920001300000000000000000002220000000000                 
1040001300210U 0600000000000000000000000000212500000000000000000000000000212500000000001062300000000000637300000000000000000000000000000022042010270420101900        000000000000000CIP COMPENSACAO               930                           
1040001300211T 0600249600300000286080D00000000000000000001               30042010000000000000000341001899                         090000605342370001104964588000000000097862009177605342370001300000000000000000002220000000000                 
1040001300212U 0600000000000000000000000000697500000000000000000000000000697500000000003487600000000002092600000000000000000000000000000022042010270420101900        000000000000000CIP COMPENSACAO               930                           
1040001300213T 0600249600300000286080D00000000000000000001               30042010000000000000000341006602                         090000611831740001104944588000000000097862009177611831740001300000000000000000002220000000000                 
1040001300214U 0600000000000000000000000000515800000000000000000000000000515800000000002578800000000001547200000000000000000000000000000022042010270420101900        000000000000000CIP COMPENSACAO               930                           
1040001300215T 0600249600300000286080D00000000000000000001               30042010000000000000000237033049                         090000611985110001104914588000000000097862009177611985110001300000000000000000002220000000000                 
1040001300216U 0600000000000000000000000000049000000000000000000000000000049000000000000244900000000000146900000000000000000000000000000022042010270420101900        000000000000000CIP COMPENSACAO               930                           
1040001300217T 0600249600300000286080D00000000000000000001               30042010000000000000000237002003                         090000613042910001104954588000000000097862009177613042910001300000000000000000002220000000000                 
1040001300218U 0600000000000000000000000000196800000000000000000000000000196800000000000984100000000000590500000000000000000000000000000022042010270420101900        000000000000000CIP COMPENSACAO               930                           
1040001300219T 0600249600300000286080D00000000000000000001               30042010000000000000000341007722                         090000613908860001104944588000000000097862009177613908860001300000000000000000002220000000000                 
1040001300220U 0600000000000000000000000000291100000000000000000000000000291100000000001455600000000000873400000000000000000000000000000022042010270420101900        000000000000000CIP COMPENSACAO               930                           
1040001300221T 0600249600300000286080D00000000000000000001               30042010000000000000000341001872                         090000618562250001104974588000000000097862009177618562250001300000000000000000002220000000000                 
1040001300222U 0600000000000000000000000000540400000000000000000000000000540400000000002702000000000001621200000000000000000000000000000022042010270420101900        000000000000000CIP COMPENSACAO               930                           
1040001300223T 0600249600300000286080D00000000000000000001               30042010000000000000000341001880                         090000620260420001104984588000000000097862009177620260420001300000000000000000002220000000000                 
1040001300224U 0600000000000000000000000000154400000000000000000000000000154400000000000771800000000000463000000000000000000000000000000022042010270420101900        000000000000000CIP COMPENSACAO               930                           
1040001300225T 0600249600300000286080D00000000000000000001               30042010000000000000000237005622                         090000620401830001104954588000000000097862009177620401830001300000000000000000002220000000000                 
1040001300226U 0600000000000000000000000000207500000000000000000000000000207500000000001037300000000000622300000000000000000000000000000022042010270420101900        000000000000000CIP COMPENSACAO               930                           
1040001300227T 0600249600300000286080D00000000000000000001               07101997000000000000000341000787                         090000624638490001104900000000000000097862009177624638490001300000000000000000002220000000000                 
1040001300228U 0600000000000000000000000000674700000000000000000000000000674700000000003373600000000002024200000000000000000000000000000022042010270420101900        000000000000000CIP COMPENSACAO               930                           
1040001300229T 0600249600300000286080D00000000000000000001               30042010000000000000000237011916                         090000646189780001104934588000000000097862009177646189780001300000000000000000002220000000000                 
1040001300230U 0600000000000000000000000000245200000000000000000000000000245200000000001226000000000000735600000000000000000000000000000022042010270420101900        000000000000000CIP COMPENSACAO               930                           
1040001300231T 0600249600300000286080D00000000000000000001               30042010000000000000000237027448                         090000655020560001104914588000000000097862009177655020560001300000000000000000002220000000000                 
1040001300232U 0600000000000000000000000000199200000000000000000000000000199200000000000996100000000000597700000000000000000000000000000022042010270420101900        000000000000000CIP COMPENSACAO               930                           
1040001300233T 0600249600300000286080D00000000000000000001               30042010000000000000000104002631                         090000655159340001104924588000000000097862009177655159340001300000000000000000002180000000000                 
1040001300234U 0600000000000000000000000000282300000000000000000000000000282300000000001411600000000000847000000000000000000000000000000022042010270420102100        000000000000000AUTOMACAO                     930                           
1040001300235T 0600249600300000286080D00000000000000000001               30042010000000000000000341016640                         090000655186980001104914588000000000097862009177655186980001300000000000000000002220000000000                 
1040001300236U 0600000000000000000000000000044900000000000000000000000000044900000000000224500000000000134700000000000000000000000000000022042010270420101900        000000000000000CIP COMPENSACAO               930                           
1040001300237T 0600249600300000286080D00000000000000000001               30042010000000000000000341006440                         090000655250650001104934588000000000097862009177655250650001300000000000000000002220000000000                 
1040001300238U 0600000000000000000000000000143800000000000000000000000000143800000000000718800000000000431200000000000000000000000000000022042010270420101900        000000000000000CIP COMPENSACAO               930                           
1040001300239T 0600249600300000286080D00000000000000000001               07101997000000000007990356001368                         090000658858160001104900000000000799097862008177658858160001110000000000000000002220000000000                 
1040001300240U 0600000000000000000000000000159800000000000000000000000000159800000000000799000000000000479400000000000000000000000000000022042010270420101900        000000000000000CIP COMPENSACAO               811                           
1040001300241T 0600249600300000286080D00000000000000000001               30042010000000000000000341003603                         090000660591140001104954588000000000097862009177660591140001300000000000000000002220000000000                 
1040001300242U 0600000000000000000000000000272200000000000000000000000000272200000000001361200000000000816800000000000000000000000000000022042010270420101900        000000000000000CIP COMPENSACAO               930                           
1040001300243T 0600249600300000286080D00000000000000000001               30042010000000000000000237000965                         090000660627790001104944588000000000097862009177660627790001300000000000000000002220000000000                 
1040001300244U 0600000000000000000000000000096400000000000000000000000000096400000000000482200000000000289400000000000000000000000000000022042010270420101900        000000000000000CIP COMPENSACAO               930                           
1040001300245T 0600249600300000286080D00000000000000000001               30042010000000000000000341064203                         090000671356320001104924588000000000097862009177671356320001300000000000000000002220000000000                 
1040001300246U 0600000000000000000000000000044900000000000000000000000000044900000000000224500000000000134700000000000000000000000000000022042010270420101900        000000000000000CIP COMPENSACAO               930                           
1040001300247T 0600249600300000286080D00000000000000000001               30042010000000000000000356012831                         090000673508760001104904588000000000097862009177673508760001300000000000000000002220000000000                 
1040001300248U 0600000000000000000000000000104600000000000000000000000000104600000000000523200000000000314000000000000000000000000000000022042010270420101900        000000000000000CIP COMPENSACAO               930                           
1040001300249T 0600249600300000286080D00000000000000000001               30042010000000000000000341003670                         090000676331560001104994588000000000097862009177676331560001300000000000000000002220000000000                 
1040001300250U 0600000000000000000000000000916400000000000000000000000000916400000000004582100000000002749300000000000000000000000000000022042010270420101900        000000000000000CIP COMPENSACAO               930                           
1040001300251T 0600249600300000286080D00000000000000000001               30042010000000000000000237031950                         090000678339470001104964588000000000097862009177678339470001300000000000000000002220000000000                 
1040001300252U 0600000000000000000000000000083600000000000000000000000000083600000000000418000000000000250800000000000000000000000000000022042010270420101900        000000000000000CIP COMPENSACAO               930                           
1040001300253T 0600249600300000286080D00000000000000000001               30042010000000000000000341079286                         090000678397460001104914588000000000097862009177678397460001300000000000000000002220000000000                 
1040001300254U 0600000000000000000000000000066200000000000000000000000000066200000000000330900000000000198500000000000000000000000000000022042010270420101900        000000000000000CIP COMPENSACAO               930                           
1040001300255T 0600249600300000286080D00000000000000000001               30042010000000000000000341005932                         090000683117450001104944588000000000097862009177683117450001300000000000000000002220000000000                 
1040001300256U 0600000000000000000000000000076000000000000000000000000000076000000000000380000000000000228000000000000000000000000000000022042010270420101900        000000000000000CIP COMPENSACAO               930                           
1040001300257T 0600249600300000286080D00000000000000000001               30042010000000000000000341006440                         090000684699070001104944588000000000097862009177684699070001300000000000000000002220000000000                 
1040001300258U 0600000000000000000000000000300300000000000000000000000000300300000000001501500000000000900900000000000000000000000000000022042010270420101900        000000000000000CIP COMPENSACAO               930                           
1040001300259T 0600249600300000286080D00000000000000000001               30042010000000000000000341007757                         090000684833040001104964588000000000097862009177684833040001300000000000000000002220000000000                 
1040001300260U 0600000000000000000000000000058200000000000000000000000000058200000000000290900000000000174500000000000000000000000000000022042010270420101900        000000000000000CIP COMPENSACAO               930                           
1040001300261T 0600249600300000286080D00000000000000000001               30042010000000000000000341043001                         090000717295450001104964588000000000097862009177717295450001300000000000000000002220000000000                 
1040001300262U 0600000000000000000000000000062800000000000000000000000000062800000000000314000000000000188400000000000000000000000000000022042010270420101900        000000000000000CIP COMPENSACAO               930                           
1040001300263T 0600249600300000286080D00000000000000000001               30042010000000000000000341006440                         090000717310200001104964588000000000097862009177717310200001300000000000000000002220000000000                 
1040001300264U 0600000000000000000000000000303600000000000000000000000000303600000000001517900000000000910700000000000000000000000000000022042010270420101900        000000000000000CIP COMPENSACAO               930                           
1040001300265T 0600249600300000286080D00000000000000000001               30042010000000000000000399018791                         090000717362760001104944588000000000097862009177717362760001300000000000000000002220000000000                 
1040001300266U 0600000000000000000000000000163600000000000000000000000000163600000000000817900000000000490700000000000000000000000000000022042010270420101900        000000000000000CIP COMPENSACAO               930                           
1040001300267T 0600249600300000286080D00000000000000000001               30042010000000000000000341007722                         090000737669170001104914588000000000097862009177737669170001300000000000000000002220000000000                 
1040001300268U 0600000000000000000000000000351300000000000000000000000000351300000000001756300000000001053700000000000000000000000000000022042010270420101900        000000000000000CIP COMPENSACAO               930                           
1040001300269T 0600249600300000286080D00000000000000000001               30042010000000000000000341000612                         090000964753890001104944588000000000097862009177964753890001300000000000000000002220000000000                 
1040001300270U 0600000000000000000000000001200900000000000000000000000001200900000000006004600000000003602800000000000000000000000000000022042010270420101900        000000000000000CIP COMPENSACAO               930                           
1040001300271T 0600249600300000286080D00000000000000000001               30042010000000000000000104031160                         090000002175980001104954588000000000097862009177002175980001300000000000000000002180000000000                 
1040001300272U 0600000000000000000000000000312500000000000000000000000000312500000000001562400000000000937400000000000000000000000000000023042010270420101100        000000000000000AUTOMACAO                     930                           
1040001300273T 0600249600300000286080D00000000000000000001               30042010000000000000000104030325                         090000542235160001104994588000000000097862009177542235160001300000000000000000000430000000000                 
1040001300274U 06000000000000000000000000002936000000000000000000000000002936000000000014679000000000008807000000000000000000000000000000230420102704201012I0        000000000000000INTERNET                      930                           
1040001300275T 0600249600300000286080D00000000000000000001               30042010000000000000000104016527                         090000552928090001104914588000000000097862009177552928090001300000000000000000002180000000000                 
1040001300276U 0600000000000000000000000000387400000000000000000000000000387400000000001937100000000001162300000000000000000000000000000023042010270420101100        000000000000000AUTOMACAO                     930                           
1040001300277T 0600249600300000286080D00000000000000000001               30042010000000000021972104030554                         090000578107980001104914588000002197297862008177578107980001110000000000000000002180000000000                 
1040001300278U 0600000000000000000000000000439400000000000000000000000000439400000000002197200000000001318400000000000000000000000000000023042010270420101100        000000000000000AUTOMACAO                     811                           
1040001300279T 0600249600300000286080D00000000000000000001               30042010000000000002245104030066                         090000579991530001104934588000000224597862008177579991530001110000000000000000001090000000000                 
1040001300280U 0600000000000000000000000000044900000000000000000000000000044900000000000224500000000000134700000000000000000000000000000023042010270420101700        000000000000000LOTERICOS SISPL               811                           
1040001300281T 0600249600300000286080D00000000000000000001               30042010000000000000000104002437                         090000684810760001104954588000000000097862009177684810760001300000000000000000002180000000000                 
1040001300282U 0600000000000000000000000000049000000000000000000000000000049000000000000244900000000000146900000000000000000000000000000023042010270420101100        000000000000000AUTOMACAO                     930                           
10400015         00028200000000000000000000000000000000000000000000000000000000000000000000000000000000000001321872                           00000000000000000000000000000                                                                     
10499999         000001000286000000000              00000 000000000000                                                                        00000000000000000000000000000                                                                     
