10400000         243070481000114186200              00249600300000286080SINEMPEDIFPORTCAB MUN SP      CAIXA ECONOMICA FEDERAL                 21706201004274500129006000000                                                                     
10400011T01  030 2043070481000114186200              00249600300000286080SINEMPEDIFPORTCAB MUN SP      200501                                  000000                                  000000001706201000000000                                 
1040001300001T 0600249600300000286080D00000000000000000001               30062010000000000002245033002054                         090000655065290001104914649000000224597862008177655065290001110000000000000000002220000000000                 
1040001300002U 0600000000000000000000000000044900000000000000000000000000044900000000000224500000000000134700000000000000000000000000000014062010170620101900        000000000000000CIP COMPENSACAO               811                           
1040001300003T 0600249600300000286080D00000000000000000001               31072010000000000000000341003670                         090000676331560001104994680000000000097862009177676331560001300000000000000000002220000000000                 
1040001300004U 0600000000000000000000000000073700000000000000000000000000073700000000000368700000000000221300000000000000000000000000000014062010170620101900        000000000000000CIP COMPENSACAO               930                           
1040001300005T 0600249600300000286080D00000000000000000001               30042010000000000000000104028878                         090000576543520001104914588000000000097862009177576543520001300000000000000000002180000000000                 
1040001300006U 0600000000000000000000000000441800000000000000000000000000441800000000002209200000000001325600000000000000000000000000000015062010170620101100        000000000000000AUTOMACAO                     930                           
10400015         00000600000000000000000000000000000000000000000000000000000000000000000000000000000000000000016816                           00000000000000000000000000000                                                                     
10499999         000001000010000000000              00000 000000000000                                                                        00000000000000000000000000000                                                                     
