10400000         243070481000114186200              00249600300000286080SINEMPEDIFPORTCAB MUN SP      CAIXA ECONOMICA FEDERAL                 21504201004191500124806000000                                                                     
10400011T01  030 2043070481000114186200              00249600300000286080SINEMPEDIFPORTCAB MUN SP      200501                                  000000                                  000000001504201000000000                                 
1040001300001T 0600249600300000286080D00000000000000000001               30042010000000000000000237015504                         090000001810060001104984588000000000097862009177001810060001300000000000000000002220000000000                 
1040001300002U 0600000000000000000000000000375200000000000000000000000000375200000000001876100000000001125700000000000000000000000000000012042010150420101900        000000000000000CIP COMPENSACAO               930                           
1040001300003T 0600249600300000286080D00000000000000000001               30042010000000000002904409005363                         090000002094350001104934588000000290497862009177002094350001300000000000000000002220000000000                 
1040001300004U 0600000000000000000000000000058100000000000000000000000000058100000000000290400000000000174200000000000000000000000000000012042010150420101900        000000000000000CIP COMPENSACAO               930                           
1040001300005T 0600249600300000286080D00000000000000000001               30042010000000000000000409002526                         090000002190127407104914588000000000097862009177002190127407300000000000000000002220000000000                 
1040001300006U 0600000000000000000000000000049000000000000000000000000000049000000000000244900000000000146900000000000000000000000000000012042010150420101900        000000000000000CIP COMPENSACAO               930                           
1040001300007T 0600249600300000286080D00000000000000000001               30042010000000000000000409002526                         090000002190313255104914588000000000097862009177002190313255300000000000000000002220000000000                 
1040001300008U 0600000000000000000000000000044900000000000000000000000000044900000000000224500000000000134700000000000000000000000000000012042010150420101900        000000000000000CIP COMPENSACAO               930                           
1040001300009T 0600249600300000286080D00000000000000000001               30042010000000000024547341002526                         090000004279800001104974588000002454797862008177004279800001110000000000000000002220000000000                 
1040001300010U 0600000000000000000000000000490900000000000000000000000000490900000000002454700000000001472900000000000000000000000000000012042010150420101900        000000000000000CIP COMPENSACAO               811                           
1040001300011T 0600249600300000286080D00000000000000000001               30042010000000000000000341066648                         090000004633160001104924588000000000097862009177004633160001300000000000000000002220000000000                 
1040001300012U 0600000000000000000000000000104800000000000000000000000000104800000000000523900000000000314300000000000000000000000000000012042010150420101900        000000000000000CIP COMPENSACAO               930                           
1040001300013T 0600249600300000286080D00000000000000000001               30042010000000000000000341016330                         090000007462660001104994588000000000097862009177007462660001300000000000000000002220000000000                 
1040001300014U 0600000000000000000000000000088500000000000000000000000000088500000000000442400000000000265400000000000000000000000000000012042010150420101900        000000000000000CIP COMPENSACAO               930                           
1040001300015T 0600249600300000286080D00000000000000000001               30042010000000000000000356004111                         090000008640120001104904588000000000097862009177008640120001300000000000000000002220000000000                 
1040001300016U 0600000000000000000000000000122000000000000000000000000000122000000000000609900000000000365900000000000000000000000000000012042010150420101900        000000000000000CIP COMPENSACAO               930                           
1040001300017T 0600249600300000286080D00000000000000000001               30042010000000000000000237000930                         090000010298360001104984588000000000097862009177010298360001300000000000000000002220000000000                 
1040001300018U 0600000000000000000000000000052500000000000000000000000000052500000000000262300000000000157300000000000000000000000000000012042010150420101900        000000000000000CIP COMPENSACAO               930                           
1040001300019T 0600249600300000286080D00000000000000000001               30042010000000000000000237038326                         090000013962110001104914588000000000097862009177013962110001300000000000000000002220000000000                 
1040001300020U 0600000000000000000000000000323100000000000000000000000000323100000000001615700000000000969500000000000000000000000000000012042010150420101900        000000000000000CIP COMPENSACAO               930                           
1040001300021T 0600249600300000286080D00000000000000000001               30042010000000000000000341007455                         090000024618110001104944588000000000097862009177024618110001300000000000000000002220000000000                 
1040001300022U 0600000000000000000000000000295700000000000000000000000000295700000000001478400000000000887000000000000000000000000000000012042010150420101900        000000000000000CIP COMPENSACAO               930                           
1040001300023T 0600249600300000286080D00000000000000000001               30042010000000000000000341010243                         090000033297730001104944588000000000097862009177033297730001300000000000000000002220000000000                 
1040001300024U 0600000000000000000000000000060800000000000000000000000000060800000000000304200000000000182600000000000000000000000000000012042010150420101900        000000000000000CIP COMPENSACAO               930                           
1040001300025T 0600249600300000286080D00000000000000000001               30042010000000000000000409071862                         090000033330530001104964588000000000097862009177033330530001300000000000000000002220000000000                 
1040001300026U 0600000000000000000000000000049500000000000000000000000000049500000000000247300000000000148300000000000000000000000000000012042010150420101900        000000000000000CIP COMPENSACAO               930                           
1040001300027T 0600249600300000286080D00000000000000000001               30042010000000000000000399003190                         090000034409770001104944588000000000097862009177034409770001300000000000000000002220000000000                 
1040001300028U 0600000000000000000000000000263100000000000000000000000000263100000000001315400000000000789200000000000000000000000000000012042010150420101900        000000000000000CIP COMPENSACAO               930                           
1040001300029T 0600249600300000286080D00000000000000000001               30042010000000000000000237038237                         090000039807630001104984588000000000097862009177039807630001300000000000000000002220000000000                 
1040001300030U 0600000000000000000000000003894300000000000000000000000003894300000000019471500000000011682900000000000000000000000000000012042010150420101900        000000000000000CIP COMPENSACAO               930                           
1040001300031T 0600249600300000286080D00000000000000000001               30042010000000000000000356009296                         090000048453410001104904588000000000097862009177048453410001300000000000000000002220000000000                 
1040001300032U 0600000000000000000000000003316800000000000000000000000003316800000000016584100000000009950500000000000000000000000000000012042010150420101900        000000000000000CIP COMPENSACAO               930                           
1040001300033T 0600249600300000286080D00000000000000000001               30042010000000000000000237013226                         090000048859820001104914588000000000097862009177048859820001300000000000000000002220000000000                 
1040001300034U 0600000000000000000000000000315000000000000000000000000000315000000000001575000000000000945000000000000000000000000000000012042010150420101900        000000000000000CIP COMPENSACAO               930                           
1040001300035T 0600249600300000286080D00000000000000000001               30042010000000000000000237038326                         090000049213010001104924588000000000097862009177049213010001300000000000000000002220000000000                 
1040001300036U 0600000000000000000000000000304700000000000000000000000000304700000000001523500000000000914100000000000000000000000000000012042010150420101900        000000000000000CIP COMPENSACAO               930                           
1040001300037T 0600249600300000286080D00000000000000000001               30042010000000000000000237020036                         090000050405110001104914588000000000097862009177050405110001300000000000000000002220000000000                 
1040001300038U 0600000000000000000000000000026700000000000000000000000000026700000000000133300000000000079900000000000000000000000000000012042010150420101900        000000000000000CIP COMPENSACAO               930                           
1040001300039T 0600249600300000286080D00000000000000000001               07101997000000000000000341006467                         090000063749750001104900000000000000097862009177063749750001300000000000000000002220000000000                 
1040001300040U 0600000000000000000000000000060100000000000000000000000000060100000000000300300000000000180100000000000000000000000000000012042010150420101900        000000000000000CIP COMPENSACAO               930                           
1040001300041T 0600249600300000286080D00000000000000000001               30042010000000000003889341000370                         090000084661990001104974588000000388997862008177084661990001110000000000000000002220000000000                 
1040001300042U 0600000000000000000000000000077800000000000000000000000000077800000000000388900000000000233300000000000000000000000000000012042010150420101900        000000000000000CIP COMPENSACAO               811                           
1040001300043T 0600249600300000286080D00000000000000000001               30042010000000000000000341029351                         090000092974950001104914588000000000097862009177092974950001300000000000000000002220000000000                 
1040001300044U 0600000000000000000000000000269400000000000000000000000000269400000000001347000000000000808200000000000000000000000000000012042010150420101900        000000000000000CIP COMPENSACAO               930                           
1040001300045T 0600249600300000286080D00000000000000000001               30042010000000000000000399003190                         090000101577140001104914588000000000097862009177101577140001300000000000000000002220000000000                 
1040001300046U 0600000000000000000000000000049400000000000000000000000000049400000000000247000000000000148200000000000000000000000000000012042010150420101900        000000000000000CIP COMPENSACAO               930                           
1040001300047T 0600249600300000286080D00000000000000000001               30042010000000000014800341003689                         090000538296850001104914588000001480097862008177538296850001110000000000000000002220000000000                 
1040001300048U 0600000000000000000000000000296000000000000000000000000000296000000000001480000000000000888000000000000000000000000000000012042010150420101900        000000000000000CIP COMPENSACAO               811                           
1040001300049T 0600249600300000286080D00000000000000000001               30042010000000000000000341010243                         090000539856100001104974588000000000097862009177539856100001300000000000000000002220000000000                 
1040001300050U 0600000000000000000000000000071900000000000000000000000000071900000000000359300000000000215500000000000000000000000000000012042010150420101900        000000000000000CIP COMPENSACAO               930                           
1040001300051T 0600249600300000286080D00000000000000000001               30042010000000000000000237017884                         090000540262320001104984588000000000097862009177540262320001300000000000000000002220000000000                 
1040001300052U 0600000000000000000000000000163400000000000000000000000000163400000000000817000000000000490200000000000000000000000000000012042010150420101900        000000000000000CIP COMPENSACAO               930                           
1040001300053T 0600249600300000286080D00000000000000000001               30042010000000000000000237005169                         090000540296730001104924588000000000097862009177540296730001300000000000000000002220000000000                 
1040001300054U 0600000000000000000000000000503800000000000000000000000000503800000000002519100000000001511500000000000000000000000000000012042010150420101900        000000000000000CIP COMPENSACAO               930                           
1040001300055T 0600249600300000286080D00000000000000000001               30042010000000000000000341010243                         090000540310340001104974588000000000097862009177540310340001300000000000000000002220000000000                 
1040001300056U 0600000000000000000000000000095400000000000000000000000000095400000000000477200000000000286400000000000000000000000000000012042010150420101900        000000000000000CIP COMPENSACAO               930                           
1040001300057T 0600249600300000286080D00000000000000000001               30042010000000000000000341064106                         090000540604880001104914588000000000097862009177540604880001300000000000000000002220000000000                 
1040001300058U 0600000000000000000000000000158800000000000000000000000000158800000000000793900000000000476300000000000000000000000000000012042010150420101900        000000000000000CIP COMPENSACAO               930                           
1040001300059T 0600249600300000286080D00000000000000000001               30042010000000000000000341000566                         090000542060990001104914588000000000097862009177542060990001300000000000000000002220000000000                 
1040001300060U 0600000000000000000000000000325200000000000000000000000000325200000000001626100000000000975700000000000000000000000000000012042010150420101900        000000000000000CIP COMPENSACAO               930                           
1040001300061T 0600249600300000286080D00000000000000000001               30042010000000000000000341005932                         090000542094650001104984588000000000097862009177542094650001300000000000000000002220000000000                 
1040001300062U 0600000000000000000000000000154700000000000000000000000000154700000000000773500000000000464100000000000000000000000000000012042010150420101900        000000000000000CIP COMPENSACAO               930                           
1040001300063T 0600249600300000286080D00000000000000000001               30042010000000000000000341001708                         090000542203140001104954588000000000097862009177542203140001300000000000000000002220000000000                 
1040001300064U 0600000000000000000000000000201500000000000000000000000000201500000000001007600000000000604600000000000000000000000000000012042010150420101900        000000000000000CIP COMPENSACAO               930                           
1040001300065T 0600249600300000286080D00000000000000000001               30042010000000000000000001035602                         090000543250300001104954588000000000097862009177543250300001300000000000000000002220000000000                 
1040001300066U 0600000000000000000000000000160300000000000000000000000000160300000000000801300000000000480700000000000000000000000000000012042010150420101900        000000000000000CIP COMPENSACAO               930                           
1040001300067T 0600249600300000286080D00000000000000000001               30042010000000000000000341007722                         090000543634860001104944588000000000097862009177543634860001300000000000000000002220000000000                 
1040001300068U 0600000000000000000000000000286600000000000000000000000000286600000000001432800000000000859600000000000000000000000000000012042010150420101900        000000000000000CIP COMPENSACAO               930                           
1040001300069T 0600249600300000286080D00000000000000000001               30042010000000000000000341006688                         090000544590780001104984588000000000097862009177544590780001300000000000000000002220000000000                 
1040001300070U 0600000000000000000000000000272200000000000000000000000000272200000000001361000000000000816600000000000000000000000000000012042010150420101900        000000000000000CIP COMPENSACAO               930                           
1040001300071T 0600249600300000286080D00000000000000000001               30042010000000000000000341005932                         090000545316110001104914588000000000097862009177545316110001300000000000000000002220000000000                 
1040001300072U 0600000000000000000000000000260600000000000000000000000000260600000000001303000000000000781800000000000000000000000000000012042010150420101900        000000000000000CIP COMPENSACAO               930                           
1040001300073T 0600249600300000286080D00000000000000000001               30042010000000000000000033020389                         090000546376990001104974588000000000097862009177546376990001300000000000000000002220000000000                 
1040001300074U 0600000000000000000000000000432200000000000000000000000000432200000000002161200000000001296800000000000000000000000000000012042010150420101900        000000000000000CIP COMPENSACAO               930                           
1040001300075T 0600249600300000286080D00000000000000000001               30042010000000000000000341006483                         090000546382830001104934588000000000097862009177546382830001300000000000000000002220000000000                 
1040001300076U 0600000000000000000000000000306700000000000000000000000000306700000000001533700000000000920300000000000000000000000000000012042010150420101900        000000000000000CIP COMPENSACAO               930                           
1040001300077T 0600249600300000286080D00000000000000000001               30042010000000000000000341007650                         090000546404610001104994588000000000097862009177546404610001300000000000000000002220000000000                 
1040001300078U 0600000000000000000000000000205300000000000000000000000000205300000000001026500000000000615900000000000000000000000000000012042010150420101900        000000000000000CIP COMPENSACAO               930                           
1040001300079T 0600249600300000286080D00000000000000000001               07101997000000000166819356001368                         090000549572530001104900000000016681997862009177549572530001300000000000000000002220000000000                 
1040001300080U 0600000000000000000000000003336400000000000000000000000003336400000000016681900000000010009100000000000000000000000000000012042010150420101900        000000000000000CIP COMPENSACAO               930                           
1040001300081T 0600249600300000286080D00000000000000000001               30042010000000000000000341007722                         090000552941510001104964588000000000097862009177552941510001300000000000000000002220000000000                 
1040001300082U 0600000000000000000000000000228700000000000000000000000000228700000000001143300000000000685900000000000000000000000000000012042010150420101900        000000000000000CIP COMPENSACAO               930                           
1040001300083T 0600249600300000286080D00000000000000000001               30042010000000000000000001040932                         090000556492480001104984588000000000097862009177556492480001300000000000000000002220000000000                 
1040001300084U 0600000000000000000000000000190600000000000000000000000000190600000000000953200000000000572000000000000000000000000000000012042010150420101900        000000000000000CIP COMPENSACAO               930                           
1040001300085T 0600249600300000286080D00000000000000000001               30042010000000000000000237030902                         090000556863640001104924588000000000097862009177556863640001300000000000000000002220000000000                 
1040001300086U 0600000000000000000000000000050700000000000000000000000000050700000000000253300000000000151900000000000000000000000000000012042010150420101900        000000000000000CIP COMPENSACAO               930                           
1040001300087T 0600249600300000286080D00000000000000000001               30042010000000000000000237028410                         090000557031100001104994588000000000097862009177557031100001300000000000000000002220000000000                 
1040001300088U 0600000000000000000000000000050000000000000000000000000000050000000000000250000000000000150000000000000000000000000000000012042010150420101900        000000000000000CIP COMPENSACAO               930                           
1040001300089T 0600249600300000286080D00000000000000000001               30042010000000000012601341004405                         090000559469090001104944588000001260197862008177559469090001110000000000000000002220000000000                 
1040001300090U 0600000000000000000000000000252000000000000000000000000000252000000000001260100000000000756100000000000000000000000000000012042010150420101900        000000000000000CIP COMPENSACAO               811                           
1040001300091T 0600249600300000286080D00000000000000000001               07101997000000000016843356001368                         090000562735430001104900000000001684397862009177562735430001300000000000000000002220000000000                 
1040001300092U 0600000000000000000000000000336900000000000000000000000000336900000000001684300000000001010500000000000000000000000000000012042010150420101900        000000000000000CIP COMPENSACAO               930                           
1040001300093T 0600249600300000286080D00000000000000000001               30042010000000000000000033005649                         090000563191710001104954588000000000097862009177563191710001300000000000000000002220000000000                 
1040001300094U 0600000000000000000000000000315200000000000000000000000000315200000000001576100000000000945700000000000000000000000000000012042010150420101900        000000000000000CIP COMPENSACAO               930                           
1040001300095T 0600249600300000286080D00000000000000000001               30042010000000000000000237001651                         090000565759540001104954588000000000097862009177565759540001300000000000000000002220000000000                 
1040001300096U 0600000000000000000000000000044900000000000000000000000000044900000000000224500000000000134700000000000000000000000000000012042010150420101900        000000000000000CIP COMPENSACAO               930                           
1040001300097T 0600249600300000286080D00000000000000000001               30042010000000000000000399003190                         090000567659020001104954588000000000097862009177567659020001300000000000000000002220000000000                 
1040001300098U 0600000000000000000000000000449500000000000000000000000000449500000000002247700000000001348700000000000000000000000000000012042010150420101900        000000000000000CIP COMPENSACAO               930                           
1040001300099T 0600249600300000286080D00000000000000000001               30042010000000000000000356000043                         090000570003660001104904588000000000097862009177570003660001300000000000000000002220000000000                 
1040001300100U 0600000000000000000000000000440600000000000000000000000000440600000000002203000000000001321800000000000000000000000000000012042010150420101900        000000000000000CIP COMPENSACAO               930                           
1040001300101T 0600249600300000286080D00000000000000000001               30042010000000000000000341000370                         090000578623690001104944588000000000097862009177578623690001300000000000000000002220000000000                 
1040001300102U 0600000000000000000000000000213400000000000000000000000000213400000000001067200000000000640400000000000000000000000000000012042010150420101900        000000000000000CIP COMPENSACAO               930                           
1040001300103T 0600249600300000286080D00000000000000000001               30042010000000000000000399003190                         090000578676990001104914588000000000097862009177578676990001300000000000000000002220000000000                 
1040001300104U 0600000000000000000000000000106200000000000000000000000000106200000000000531000000000000318600000000000000000000000000000012042010150420101900        000000000000000CIP COMPENSACAO               930                           
1040001300105T 0600249600300000286080D00000000000000000001               30042010000000000000000399003190                         090000581132750001104994588000000000097862009177581132750001300000000000000000002220000000000                 
1040001300106U 0600000000000000000000000000091900000000000000000000000000091900000000000459300000000000275500000000000000000000000000000012042010150420101900        000000000000000CIP COMPENSACAO               930                           
1040001300107T 0600249600300000286080D00000000000000000001               30042010000000000000000341001805                         090000586273650001104984588000000000097862009177586273650001300000000000000000002220000000000                 
1040001300108U 0600000000000000000000000000303400000000000000000000000000303400000000001516900000000000910100000000000000000000000000000012042010150420101900        000000000000000CIP COMPENSACAO               930                           
1040001300109T 0600249600300000286080D00000000000000000001               07101997000000000000000341006483                         090000589169740001104900000000000000097862009177589169740001300000000000000000002220000000000                 
1040001300110U 0600000000000000000000000000196900000000000000000000000000196900000000000984600000000000590800000000000000000000000000000012042010150420101900        000000000000000CIP COMPENSACAO               930                           
1040001300111T 0600249600300000286080D00000000000000000001               30042010000000000000000104012181                         090000589336560001104974588000000000097862009177589336560001300000000000000000002180000000000                 
1040001300112U 0600000000000000000000000000324500000000000000000000000000324500000000001622400000000000973400000000000000000000000000000012042010150420102100        000000000000000AUTOMACAO                     930                           
1040001300113T 0600249600300000286080D00000000000000000001               30042010000000000000000341001503                         090000591777330001104994588000000000097862009177591777330001300000000000000000002220000000000                 
1040001300114U 0600000000000000000000000000189000000000000000000000000000189000000000000945000000000000567000000000000000000000000000000012042010150420101900        000000000000000CIP COMPENSACAO               930                           
1040001300115T 0600249600300000286080D00000000000000000001               30042010000000000000000341007412                         090000594844280001104974588000000000097862009177594844280001300000000000000000002220000000000                 
1040001300116U 0600000000000000000000000000216000000000000000000000000000216000000000001080100000000000648100000000000000000000000000000012042010150420101900        000000000000000CIP COMPENSACAO               930                           
1040001300117T 0600249600300000286080D00000000000000000001               30042010000000000000000341001945                         090000595708950001104944588000000000097862009177595708950001300000000000000000002220000000000                 
1040001300118U 0600000000000000000000000000141300000000000000000000000000141300000000000706500000000000423900000000000000000000000000000012042010150420101900        000000000000000CIP COMPENSACAO               930                           
1040001300119T 0600249600300000286080D00000000000000000001               30042010000000000000000399003190                         090000599331190001104914588000000000097862009177599331190001300000000000000000002220000000000                 
1040001300120U 0600000000000000000000000000073500000000000000000000000000073500000000000367400000000000220400000000000000000000000000000012042010150420101900        000000000000000CIP COMPENSACAO               930                           
1040001300121T 0600249600300000286080D00000000000000000001               30042010000000000005628399004863                         090000599361610001104934588000000562897862008177599361610001110000000000000000002220000000000                 
1040001300122U 0600000000000000000000000000112600000000000000000000000000112600000000000562800000000000337600000000000000000000000000000012042010150420101900        000000000000000CIP COMPENSACAO               811                           
1040001300123T 0600249600300000286080D00000000000000000001               30042010000000000000000341010243                         090000602650630001104944588000000000097862009177602650630001300000000000000000002220000000000                 
1040001300124U 0600000000000000000000000000059400000000000000000000000000059400000000000297200000000000178400000000000000000000000000000012042010150420101900        000000000000000CIP COMPENSACAO               930                           
1040001300125T 0600249600300000286080D00000000000000000001               30042010000000000000000237004499                         090000610627330001104984588000000000097862009177610627330001300000000000000000002220000000000                 
1040001300126U 0600000000000000000000000000291500000000000000000000000000291500000000001457500000000000874500000000000000000000000000000012042010150420101900        000000000000000CIP COMPENSACAO               930                           
1040001300127T 0600249600300000286080D00000000000000000001               07101997000000000004592356001368                         090000611815740001104900000000000459297862009177611815740001300000000000000000002220000000000                 
1040001300128U 0600000000000000000000000000091800000000000000000000000000091800000000000459200000000000275600000000000000000000000000000012042010150420101900        000000000000000CIP COMPENSACAO               930                           
1040001300129T 0600249600300000286080D00000000000000000001               30042010000000000005022001035483                         090000613803250001104914588000000502297862008177613803250001110000000000000000002220000000000                 
1040001300130U 0600000000000000000000000000100400000000000000000000000000100400000000000502200000000000301400000000000000000000000000000012042010150420101900        000000000000000CIP COMPENSACAO               811                           
1040001300131T 0600249600300000286080D00000000000000000001               30042010000000000000000399003190                         090000618609870001104934588000000000097862009177618609870001300000000000000000002220000000000                 
1040001300132U 0600000000000000000000000000162400000000000000000000000000162400000000000811900000000000487100000000000000000000000000000012042010150420101900        000000000000000CIP COMPENSACAO               930                           
1040001300133T 0600249600300000286080D00000000000000000001               30042010000000000000000237001368                         090000622876850001104994588000000000097862009177622876850001300000000000000000002220000000000                 
1040001300134U 0600000000000000000000000000566600000000000000000000000000566600000000002833200000000001700000000000000000000000000000000012042010150420101900        000000000000000CIP COMPENSACAO               930                           
1040001300135T 0600249600300000286080D00000000000000000001               30042010000000000000000341010243                         090000625750710001104924588000000000097862009177625750710001300000000000000000002220000000000                 
1040001300136U 0600000000000000000000000000058700000000000000000000000000058700000000000293400000000000176000000000000000000000000000000012042010150420101900        000000000000000CIP COMPENSACAO               930                           
1040001300137T 0600249600300000286080D00000000000000000001               30042010000000000000000237004944                         090000640171300001104994588000000000097862009177640171300001300000000000000000002220000000000                 
1040001300138U 0600000000000000000000000000053300000000000000000000000000053300000000000266600000000000160000000000000000000000000000000012042010150420101900        000000000000000CIP COMPENSACAO               930                           
1040001300139T 0600249600300000286080D00000000000000000001               07101997000000000000000341010243                         090000655218660001104900000000000000097862009177655218660001300000000000000000002220000000000                 
1040001300140U 0600000000000000000000000000051700000000000000000000000000051700000000000258500000000000155100000000000000000000000000000012042010150420101900        000000000000000CIP COMPENSACAO               930                           
1040001300141T 0600249600300000286080D00000000000000000001               30042010000000000004696237031682                         090000655265350001104944588000000469697862008177655265350001110000000000000000002220000000000                 
1040001300142U 0600000000000000000000000000093900000000000000000000000000093900000000000469600000000000281800000000000000000000000000000012042010150420101900        000000000000000CIP COMPENSACAO               811                           
1040001300143T 0600249600300000286080D00000000000000000001               30042010000000000002460341006688                         090000655281430001104914588000000246097862008177655281430001110000000000000000002220000000000                 
1040001300144U 0600000000000000000000000000049200000000000000000000000000049200000000000246000000000000147600000000000000000000000000000012042010150420101900        000000000000000CIP COMPENSACAO               811                           
1040001300145T 0600249600300000286080D00000000000000000001               07101997000000000009388356001368                         090000657175630001104900000000000938897862009177657175630001300000000000000000002220000000000                 
1040001300146U 0600000000000000000000000000187800000000000000000000000000187800000000000938800000000000563200000000000000000000000000000012042010150420101900        000000000000000CIP COMPENSACAO               930                           
1040001300147T 0600249600300000286080D00000000000000000001               30042010000000000000000237000914                         090000657183970001104954588000000000097862009177657183970001300000000000000000002220000000000                 
1040001300148U 0600000000000000000000000000049000000000000000000000000000049000000000000244900000000000146900000000000000000000000000000012042010150420101900        000000000000000CIP COMPENSACAO               930                           
1040001300149T 0600249600300000286080D00000000000000000001               30042010000000000000000341010243                         090000671466050001104994588000000000097862009177671466050001300000000000000000002220000000000                 
1040001300150U 0600000000000000000000000000444600000000000000000000000000444600000000002223200000000001334000000000000000000000000000000012042010150420101900        000000000000000CIP COMPENSACAO               930                           
1040001300151T 0600249600300000286080D00000000000000000001               30042010000000000000000341001864                         090000689704410001104924588000000000097862009177689704410001300000000000000000002220000000000                 
1040001300152U 0600000000000000000000000000078000000000000000000000000000078000000000000389900000000000233900000000000000000000000000000012042010150420101900        000000000000000CIP COMPENSACAO               930                           
1040001300153T 0600249600300000286080D00000000000000000001               30042010000000000000000033002526                         090000692634570001104924588000000000097862009177692634570001300000000000000000002220000000000                 
1040001300154U 0600000000000000000000000000079900000000000000000000000000079900000000000399700000000000239900000000000000000000000000000012042010150420101900        000000000000000CIP COMPENSACAO               930                           
1040001300155T 0600249600300000286080D00000000000000000001               30042010000000000004503341029700                         090000712156500017104974588000000450397862008177712156500017110000000000000000002220000000000                 
1040001300156U 0600000000000000000000000000090100000000000000000000000000090100000000000450300000000000270100000000000000000000000000000012042010150420101900        000000000000000CIP COMPENSACAO               811                           
1040001300157T 0600249600300000286080D00000000000000000001               30042010000000000002450237001317                         090000719279660001104984588000000245097862002177719279660001950000000000000000002220000000000                 
1040001300158U 0600000000000000000000000000049000000000000000000000000000049000000000000245000000000000147000000000000000000000000000000012042010150420101900        000000000000000CIP COMPENSACAO               295                           
1040001300159T 0600249600300000286080D00000000000000000001               30042010000000000000000341010243                         090000733809740001104914588000000000097862009177733809740001300000000000000000002220000000000                 
1040001300160U 0600000000000000000000000000117900000000000000000000000000117900000000000589700000000000353900000000000000000000000000000012042010150420101900        000000000000000CIP COMPENSACAO               930                           
1040001300161T 0600249600300000286080D00000000000000000001               30042010000000000000000399003190                         090000974974160001104934588000000000097862009177974974160001300000000000000000002220000000000                 
1040001300162U 0600000000000000000000000000131100000000000000000000000000131100000000000655300000000000393100000000000000000000000000000012042010150420101900        000000000000000CIP COMPENSACAO               930                           
1040001300163T 0600249600300000286080D00000000000000000001               30042010000000000002293104009814                         090000113319090001104954588000000229397862005177113319090001620000000000000000001090000000000                 
1040001300164U 0600000000000000000000000000045900000000000000000000000000045900000000000229300000000000137500000000000000000000000000000013042010150420101700        000000000000000LOTERICOS SISPL               562                           
1040001300165T 0600249600300000286080D00000000000000000001               30042010000000000000000104018163                         090000539900080001104984588000000000097862009177539900080001300000000000000000002180000000000                 
1040001300166U 0600000000000000000000000000541400000000000000000000000000541400000000002707100000000001624300000000000000000000000000000013042010150420101100        000000000000000AUTOMACAO                     930                           
1040001300167T 0600249600300000286080D00000000000000000001               30042010000000000000000104002534                         090000568284860001104914588000000000097862009177568284860001300000000000000000001090000000000                 
1040001300168U 0600000000000000000000000000069700000000000000000000000000069700000000000348300000000000208900000000000000000000000000000013042010150420101700        000000000000000LOTERICOS SISPL               930                           
1040001300169T 0600249600300000286080D00000000000000000001               30042010000000000000000104002402                         090000622692870001104934588000000000097862009177622692870001300000000000000000001090000000000                 
1040001300170U 0600000000000000000000000000127000000000000000000000000000127000000000000635000000000000381000000000000000000000000000000013042010150420101700        000000000000000LOTERICOS SISPL               930                           
1040001300171T 0600249600300000286080D00000000000000000001               30042010000000000000000104002631                         090000655184580001104984588000000000097862009177655184580001300000000000000000002180000000000                 
1040001300172U 0600000000000000000000000000092500000000000000000000000000092500000000000462400000000000277400000000000000000000000000000013042010150420101100        000000000000000AUTOMACAO                     930                           
1040001300173T 0600249600300000286080D00000000000000000001               30042010000000000000000104002631                         090000738987770001104954588000000000097862009177738987770001300000000000000000002180000000000                 
1040001300174U 0600000000000000000000000000049000000000000000000000000000049000000000000244900000000000146900000000000000000000000000000013042010150420101100        000000000000000AUTOMACAO                     930                           
10400015         00017400000000000000000000000000000000000000000000000000000000000000000000000000000000000000779478                           00000000000000000000000000000                                                                     
10499999         000001000178000000000              00000 000000000000                                                                        00000000000000000000000000000                                                                     
