10400000         243070481000114186200              00249600300000286080SINEMPEDIFPORTCAB MUN SP      CAIXA ECONOMICA FEDERAL                 22306201004301500129406000000                                                                     
10400011T01  030 2043070481000114186200              00249600300000286080SINEMPEDIFPORTCAB MUN SP      200501                                  000000                                  000000002306201000000000                                 
1040001300001T 0600249600300000286080D00000000000000000001               18062010000000000293932237028479                         090000027251510001104914637000029393297862008177027251510001110000000000000000002220000000000                 
1040001300002U 0600000000000000000000000005878600000000000000000000000005878600000000029393200000000017636000000000000000000000000000000018062010230620101900        000000000000000CIP COMPENSACAO               811                           
1040001300003T 0600249600300000286080D00000000000000000001               30062010000000000000000237002550                         090000542061980001104964649000000000097862009177542061980001300000000000000000002220000000000                 
1040001300004U 0600000000000000000000000000044900000000000000000000000000044900000000000224500000000000134700000000000000000000000000000018062010230620101900        000000000000000CIP COMPENSACAO               930                           
1040001300005T 0600249600300000286080D00000000000000000001               30062010000000000000000001068349                         090000571178220001104964649000000000097862009177571178220001300000000000000000002220000000000                 
1040001300006U 0600000000000000000000000000044900000000000000000000000000044900000000000224500000000000134700000000000000000000000000000018062010230620101900        000000000000000CIP COMPENSACAO               930                           
1040001300007T 0600249600300000286080D00000000000000000001               30062010000000000000000237038210                         090000615737620001104924649000000000097862009177615737620001300000000000000000002220000000000                 
1040001300008U 0600000000000000000000000000143700000000000000000000000000143700000000000718400000000000431000000000000000000000000000000018062010230620101900        000000000000000CIP COMPENSACAO               930                           
1040001300009T 0600249600300000286080D00000000000000000001               31052010000000000002979104030996                         090000570598670001104924619000000297997862008177570598670001110000000000000000002180000000000                 
1040001300010U 0600000000000035800000000000059600000000000000000000000000059600000000000333700000000000214500000000000000000000000000000021062010230620101100        000000000000000AUTOMACAO                     811                           
10400015         00001000000000000000000000000000000000000000000000000000000000000000000000000000000000000000185509                           00000000000000000000000000000                                                                     
10499999         000001000014000000000              00000 000000000000                                                                        00000000000000000000000000000                                                                     
