10400000         243070481000114186200              00249600300000286080SINEMPEDIFPORTCAB MUN SP      CAIXA ECONOMICA FEDERAL                 22405201004303200127406000000                                                                     
10400011T01  030 2043070481000114186200              00249600300000286080SINEMPEDIFPORTCAB MUN SP      200501                                  000000                                  000000002405201000000000                                 
1040001300001T 0600249600300000286080D00000000000000000001               31052010000000000017252341002623                         090000388916440001104974619000001725297862008177388916440001110000000000000000002220000000000                 
1040001300002U 0600000000000000000000000000345000000000000000000000000000345000000000001725200000000001035200000000000000000000000000000019052010240520101900        000000000000000CIP COMPENSACAO               811                           
1040001300003T 0600249600300000286080D00000000000000000001               31052010000000000003157341000744                         090000622698160001104924619000000315797862008177622698160001110000000000000000002220000000000                 
1040001300004U 0600000000000000000000000000063100000000000000000000000000063100000000000315700000000000189500000000000000000000000000000019052010240520101900        000000000000000CIP COMPENSACAO               811                           
1040001300005T 0600249600300000286080D00000000000000000001               30042010000000000000000104012181                         090000670018180001104984588000000000097862009177670018180001300000000000000000002180000000000                 
1040001300006U 0600000000000000000000000000650800000000000000000000000000650800000000003253900000000001952300000000000000000000000000000019052010240520102100        000000000000000AUTOMACAO                     930                           
1040001300007T 0600249600300000286080D00000000000000000001               30042010000000000000000104015717                         090000679728280001104914588000000000097862009177679728280001300000000000000000002180000000000                 
1040001300008U 0600000000000000000000000000332400000000000000000000000000332400000000001662000000000000997200000000000000000000000000000019052010240520102100        000000000000000AUTOMACAO                     930                           
1040001300009T 0600249600300000286080D00000000000000000001               31052010000000000020343341002623                         090000681517450001104934619000002034397862008177681517450001110000000000000000002220000000000                 
1040001300010U 0600000000000000000000000000406900000000000000000000000000406900000000002034300000000001220500000000000000000000000000000019052010240520101900        000000000000000CIP COMPENSACAO               811                           
1040001300011T 0600249600300000286080D00000000000000000001               30042010000000000000000104040398                         090000033509500001104924588000000000097862009177033509500001300000000000000000002180000000000                 
1040001300012U 0600000000000000000000000000361300000000000000000000000000361300000000001806600000000001084000000000000000000000000000000020052010240520101100        000000000000000AUTOMACAO                     930                           
1040001300013T 0600249600300000286080D00000000000000000001               30042010000000000000000104002437                         090000079055450001104974588000000000097862009177079055450001300000000000000000002180000000000                 
1040001300014U 0600000000000000000000000000073400000000000000000000000000073400000000000367100000000000220300000000000000000000000000000020052010240520101100        000000000000000AUTOMACAO                     930                           
1040001300015T 0600249600300000286080D00000000000000000001               30042010000000000000000104002437                         090000118057480001104924588000000000097862009177118057480001300000000000000000002180000000000                 
1040001300016U 0600000000000000000000000000055800000000000000000000000000055800000000000279200000000000167600000000000000000000000000000020052010240520101100        000000000000000AUTOMACAO                     930                           
1040001300017T 0600249600300000286080D00000000000000000001               30042010000000000000000104010057                         090000544588070001104914588000000000097862009177544588070001300000000000000000002180000000000                 
1040001300018U 0600000000000000000000000000509100000000000000000000000000509100000000002545500000000001527300000000000000000000000000000020052010240520101100        000000000000000AUTOMACAO                     930                           
1040001300019T 0600249600300000286080D00000000000000000001               30042010000000000000000104010162                         090000547482560001104984588000000000097862009177547482560001300000000000000000002180000000000                 
1040001300020U 0600000000000000000000000000111600000000000000000000000000111600000000000557800000000000334600000000000000000000000000000020052010240520101100        000000000000000AUTOMACAO                     930                           
1040001300021T 0600249600300000286080D00000000000000000001               30042010000000000000000104030562                         090000627991500001104974588000000000097862009177627991500001300000000000000000002180000000000                 
1040001300022U 0600000000000000000000000000053500000000000000000000000000053500000000000267400000000000160400000000000000000000000000000020052010240520101100        000000000000000AUTOMACAO                     930                           
10400015         00002200000000000000000000000000000000000000000000000000000000000000000000000000000000000000088889                           00000000000000000000000000000                                                                     
10499999         000001000026000000000              00000 000000000000                                                                        00000000000000000000000000000                                                                     
