10400000         243070481000114186200              00249600300000286080SINEMPEDIFPORTCAB MUN SP      CAIXA ECONOMICA FEDERAL                 20806201005200100128406000000                                                                     
10400011T01  030 2043070481000114186200              00249600300000286080SINEMPEDIFPORTCAB MUN SP      200501                                  000000                                  000000000806201000000000                                 
1040001300001T 0600249600300000286080D00000000000000000001               30062010000000000001237341064041                         090000048801610001104954649000000123797862008177048801610001110000000000000000002220000000000                 
1040001300002U 0600000000000000000000000000024700000000000000000000000000024700000000000123700000000000074300000000000000000000000000000002062010080620101900        000000000000000CIP COMPENSACAO               811                           
1040001300003T 0600249600300000286080D00000000000000000001               30042010000000000000000237038571                         090000050645520001104934588000000000097862009177050645520001300000000000000000002220000000000                 
1040001300004U 0600000000000000000000000000334200000000000000000000000000334200000000001671000000000001002600000000000000000000000000000002062010080620101900        000000000000000CIP COMPENSACAO               930                           
1040001300005T 0600249600300000286080D00000000000000000001               07101997000000000000000237034843                         090000427781830001104950000000000000097862006177427781830001200000000000000000002220000000000                 
1040001300006U 0600000000000000000000000000093900000000000000000000000000093900000000000469400000000000281600000000000000000000000000000002062010080620101900        000000000000000CIP COMPENSACAO               620                           
1040001300007T 0600249600300000286080D00000000000000000001               30062010000000000002250237027162                         090000552219640001104944649000000225097862008177552219640001110000000000000000002220000000000                 
1040001300008U 0600000000000000000000000000045000000000000000000000000000045000000000000225000000000000135000000000000000000000000000000002062010080620101900        000000000000000CIP COMPENSACAO               811                           
1040001300009T 0600249600300000286080D00000000000000000001               02062010000000000006537356007102                         090000578520710001104904621000000653797862007177578520710001010000000000000000002220000000000                 
1040001300010U 0600000000000000000000000000130700000000000000000000000000130700000000000653700000000000392300000000000000000000000000000002062010080620101900        000000000000000CIP COMPENSACAO               701                           
10400015         00001000000000000000000000000000000000000000000000000000000000000000000000000000000000000000018858                           00000000000000000000000000000                                                                     
10499999         000001000014000000000              00000 000000000000                                                                        00000000000000000000000000000                                                                     
