10400000         243070481000114186200              00249600300000286080SINEMPEDIFPORTCAB MUN SP      CAIXA ECONOMICA FEDERAL                 22605201004220100127606000000                                                                     
10400011T01  030 2043070481000114186200              00249600300000286080SINEMPEDIFPORTCAB MUN SP      200501                                  000000                                  000000002605201000000000                                 
1040001300001T 0600249600300000286080D00000000000000000001               31052010000000000004694341002623                         090000045952350001104934619000000469497862008177045952350001110000000000000000002220000000000                 
1040001300002U 0600000000000000000000000000093900000000000000000000000000093900000000000469400000000000281600000000000000000000000000000021052010260520101900        000000000000000CIP COMPENSACAO               811                           
1040001300003T 0600249600300000286080D00000000000000000001               31052010000000000035781341002623                         090000047365880001104984619000003578197862008177047365880001110000000000000000002220000000000                 
1040001300004U 0600000000000000000000000000715600000000000000000000000000715600000000003578100000000002146900000000000000000000000000000021052010260520101900        000000000000000CIP COMPENSACAO               811                           
1040001300005T 0600249600300000286080D00000000000000000001               31052010000000000012052341002623                         090000070073200001104914619000001205297862008177070073200001110000000000000000002220000000000                 
1040001300006U 0600000000000000000000000000241000000000000000000000000000241000000000001205200000000000723200000000000000000000000000000021052010260520101900        000000000000000CIP COMPENSACAO               811                           
1040001300007T 0600249600300000286080D00000000000000000001               31052010000000000002961237019453                         090000087628000001104984619000000296197862008177087628000001110000000000000000002220000000000                 
1040001300008U 0600000000000000000000000000059200000000000000000000000000059200000000000296100000000000177700000000000000000000000000000021052010260520101900        000000000000000CIP COMPENSACAO               811                           
1040001300009T 0600249600300000286080D00000000000000000001               31052010000000000020126341002623                         090000542006540001104974619000002012697862008177542006540001110000000000000000002220000000000                 
1040001300010U 0600000000000000000000000000402500000000000000000000000000402500000000002012600000000001207600000000000000000000000000000021052010260520101900        000000000000000CIP COMPENSACAO               811                           
1040001300011T 0600249600300000286080D00000000000000000001               30042010000000000000000237038237                         090000542034010001104924588000000000097862009177542034010001300000000000000000002220000000000                 
1040001300012U 0600000000000000000000000000049400000000000000000000000000049400000000000247000000000000148200000000000000000000000000000021052010260520101900        000000000000000CIP COMPENSACAO               930                           
1040001300013T 0600249600300000286080D00000000000000000001               31052010000000000017174341002623                         090000542040860001104934619000001717497862008177542040860001110000000000000000002220000000000                 
1040001300014U 0600000000000000000000000000343500000000000000000000000000343500000000001717400000000001030400000000000000000000000000000021052010260520101900        000000000000000CIP COMPENSACAO               811                           
1040001300015T 0600249600300000286080D00000000000000000001               31052010000000000013533341002623                         090000542418720001104914619000001353397862008177542418720001110000000000000000002220000000000                 
1040001300016U 0600000000000000000000000000270700000000000000000000000000270700000000001353300000000000811900000000000000000000000000000021052010260520101900        000000000000000CIP COMPENSACAO               811                           
1040001300017T 0600249600300000286080D00000000000000000001               31052010000000000012076341002623                         090000542823890001104994619000001207697862008177542823890001110000000000000000002220000000000                 
1040001300018U 0600000000000000000000000000241500000000000000000000000000241500000000001207600000000000724600000000000000000000000000000021052010260520101900        000000000000000CIP COMPENSACAO               811                           
1040001300019T 0600249600300000286080D00000000000000000001               31052010000000000010241341002623                         090000544897110001104954619000001024197862008177544897110001110000000000000000002220000000000                 
1040001300020U 0600000000000000000000000000204800000000000000000000000000204800000000001024100000000000614500000000000000000000000000000021052010260520101900        000000000000000CIP COMPENSACAO               811                           
1040001300021T 0600249600300000286080D00000000000000000001               31052010000000000032841341002623                         090000545304980001104914619000003284197862008177545304980001110000000000000000002220000000000                 
1040001300022U 0600000000000000000000000000656800000000000000000000000000656800000000003284100000000001970500000000000000000000000000000021052010260520101900        000000000000000CIP COMPENSACAO               811                           
1040001300023T 0600249600300000286080D00000000000000000001               31052010000000000016946341002623                         090000545727710001104964619000001694697862008177545727710001110000000000000000002220000000000                 
1040001300024U 0600000000000000000000000000338900000000000000000000000000338900000000001694600000000001016800000000000000000000000000000021052010260520101900        000000000000000CIP COMPENSACAO               811                           
1040001300025T 0600249600300000286080D00000000000000000001               31052010000000000017036341002623                         090000545734490001104944619000001703697862008177545734490001110000000000000000002220000000000                 
1040001300026U 0600000000000000000000000000340700000000000000000000000000340700000000001703600000000001022200000000000000000000000000000021052010260520101900        000000000000000CIP COMPENSACAO               811                           
1040001300027T 0600249600300000286080D00000000000000000001               31052010000000000018857341002623                         090000545743890001104994619000001885797862008177545743890001110000000000000000002220000000000                 
1040001300028U 0600000000000000000000000000377100000000000000000000000000377100000000001885700000000001131500000000000000000000000000000021052010260520101900        000000000000000CIP COMPENSACAO               811                           
1040001300029T 0600249600300000286080D00000000000000000001               31052010000000000025388341002623                         090000546065950001104914619000002538897862008177546065950001110000000000000000002220000000000                 
1040001300030U 0600000000000000000000000000507800000000000000000000000000507800000000002538800000000001523200000000000000000000000000000021052010260520101900        000000000000000CIP COMPENSACAO               811                           
1040001300031T 0600249600300000286080D00000000000000000001               31052010000000000014740341002623                         090000549575350001104954619000001474097862008177549575350001110000000000000000002220000000000                 
1040001300032U 0600000000000000000000000000294800000000000000000000000000294800000000001474000000000000884400000000000000000000000000000021052010260520101900        000000000000000CIP COMPENSACAO               811                           
1040001300033T 0600249600300000286080D00000000000000000001               31052010000000000019200341002623                         090000550678470001104994619000001920097862008177550678470001110000000000000000002220000000000                 
1040001300034U 0600000000000000000000000000384000000000000000000000000000384000000000001920000000000001152000000000000000000000000000000021052010260520101900        000000000000000CIP COMPENSACAO               811                           
1040001300035T 0600249600300000286080D00000000000000000001               31052010000000000019051341002623                         090000550685970001104994619000001905197862008177550685970001110000000000000000002220000000000                 
1040001300036U 0600000000000000000000000000381000000000000000000000000000381000000000001905100000000001143100000000000000000000000000000021052010260520101900        000000000000000CIP COMPENSACAO               811                           
1040001300037T 0600249600300000286080D00000000000000000001               31052010000000000013081341002623                         090000565682980001104914619000001308197862008177565682980001110000000000000000002220000000000                 
1040001300038U 0600000000000000000000000000261600000000000000000000000000261600000000001308100000000000784900000000000000000000000000000021052010260520101900        000000000000000CIP COMPENSACAO               811                           
1040001300039T 0600249600300000286080D00000000000000000001               31052010000000000011123341002623                         090000568206650001104954619000001112397862008177568206650001110000000000000000002220000000000                 
1040001300040U 0600000000000000000000000000222500000000000000000000000000222500000000001112300000000000667300000000000000000000000000000021052010260520101900        000000000000000CIP COMPENSACAO               811                           
1040001300041T 0600249600300000286080D00000000000000000001               31052010000000000002473341002623                         090000584126510001104974619000000247397862008177584126510001110000000000000000002220000000000                 
1040001300042U 0600000000000000000000000000049500000000000000000000000000049500000000000247300000000000148300000000000000000000000000000021052010260520101900        000000000000000CIP COMPENSACAO               811                           
1040001300043T 0600249600300000286080D00000000000000000001               31052010000000000021496341002623                         090000589325910001104934619000002149697862008177589325910001110000000000000000002220000000000                 
1040001300044U 0600000000000000000000000000429900000000000000000000000000429900000000002149600000000001289800000000000000000000000000000021052010260520101900        000000000000000CIP COMPENSACAO               811                           
1040001300045T 0600249600300000286080D00000000000000000001               31052010000000000019148237019453                         090000590875510001104994619000001914897862008177590875510001110000000000000000002220000000000                 
1040001300046U 0600000000000000000000000000383000000000000000000000000000383000000000001914800000000001148800000000000000000000000000000021052010260520101900        000000000000000CIP COMPENSACAO               811                           
1040001300047T 0600249600300000286080D00000000000000000001               30042010000000000015482104002526                         090000614077140001104974588000001548297862008177614077140001110000000000000000002180000000000                 
1040001300048U 0600000000000046400000000000309600000000000000000000000000309600000000001594600000000000975400000000000000000000000000000021052010260520102100        000000000000000AUTOMACAO                     811                           
1040001300049T 0600249600300000286080D00000000000000000001               31052010000000000012231341002623                         090000615708750001104914619000001223197862008177615708750001110000000000000000002220000000000                 
1040001300050U 0600000000000000000000000000244600000000000000000000000000244600000000001223100000000000733900000000000000000000000000000021052010260520101900        000000000000000CIP COMPENSACAO               811                           
1040001300051T 0600249600300000286080D00000000000000000001               31052010000000000022996341002623                         090000625691730001104994619000002299697862008177625691730001110000000000000000002220000000000                 
1040001300052U 0600000000000000000000000000459900000000000000000000000000459900000000002299600000000001379800000000000000000000000000000021052010260520101900        000000000000000CIP COMPENSACAO               811                           
1040001300053T 0600249600300000286080D00000000000000000001               31052010000000000004115341002623                         090000625709240001104994619000000411597862008177625709240001110000000000000000002220000000000                 
1040001300054U 0600000000000000000000000000082300000000000000000000000000082300000000000411500000000000246900000000000000000000000000000021052010260520101900        000000000000000CIP COMPENSACAO               811                           
1040001300055T 0600249600300000286080D00000000000000000001               31052010000000000004905341002623                         090000647269610001104974619000000490597862008177647269610001110000000000000000002220000000000                 
1040001300056U 0600000000000000000000000000098100000000000000000000000000098100000000000490500000000000294300000000000000000000000000000021052010260520101900        000000000000000CIP COMPENSACAO               811                           
1040001300057T 0600249600300000286080D00000000000000000001               28052010000000000002898237001562                         090000649170650001104944616000000289897862008177649170650001110000000000000000002220000000000                 
1040001300058U 0600000000000000000000000000058000000000000000000000000000058000000000000289800000000000173800000000000000000000000000000021052010260520101900        000000000000000CIP COMPENSACAO               811                           
1040001300059T 0600249600300000286080D00000000000000000001               31052010000000000026627237019453                         090000659905900001104914619000002662797862008177659905900001110000000000000000002220000000000                 
1040001300060U 0600000000000000000000000000532500000000000000000000000000532500000000002662700000000001597700000000000000000000000000000021052010260520101900        000000000000000CIP COMPENSACAO               811                           
1040001300061T 0600249600300000286080D00000000000000000001               31052010000000000008241341002623                         090000660608640001104964619000000824197862008177660608640001110000000000000000002220000000000                 
1040001300062U 0600000000000000000000000000164800000000000000000000000000164800000000000824100000000000494500000000000000000000000000000021052010260520101900        000000000000000CIP COMPENSACAO               811                           
1040001300063T 0600249600300000286080D00000000000000000001               31052010000000000005536341002623                         090000666685180001104974619000000553697862008177666685180001110000000000000000002220000000000                 
1040001300064U 0600000000000000000000000000110700000000000000000000000000110700000000000553600000000000332200000000000000000000000000000021052010260520101900        000000000000000CIP COMPENSACAO               811                           
1040001300065T 0600249600300000286080D00000000000000000001               31052010000000000017810341002623                         090000678385320001104934619000001781097862008177678385320001110000000000000000002220000000000                 
1040001300066U 0600000000000000000000000000356200000000000000000000000000356200000000001781000000000001068600000000000000000000000000000021052010260520101900        000000000000000CIP COMPENSACAO               811                           
1040001300067T 0600249600300000286080D00000000000000000001               31052010000000000025749341002623                         090000684875780001104984619000002574997862008177684875780001110000000000000000002220000000000                 
1040001300068U 0600000000000000000000000000515000000000000000000000000000515000000000002574900000000001544900000000000000000000000000000021052010260520101900        000000000000000CIP COMPENSACAO               811                           
1040001300069T 0600249600300000286080D00000000000000000001               31052010000000000004082341002623                         090000734805350001104974619000000408297862008177734805350001110000000000000000002220000000000                 
1040001300070U 0600000000000000000000000000081600000000000000000000000000081600000000000408200000000000245000000000000000000000000000000021052010260520101900        000000000000000CIP COMPENSACAO               811                           
1040001300071T 0600249600300000286080D00000000000000000001               30042010000000000000000237038237                         090000869877570001104914588000000000097862009177869877570001300000000000000000002220000000000                 
1040001300072U 0600000000000000000000000000569200000000000000000000000000569200000000002845900000000001707500000000000000000000000000000021052010260520101900        000000000000000CIP COMPENSACAO               930                           
1040001300073T 0600249600300000286080D00000000000000000001               30042010000000000004795104002399                         090000048346860001104914588000000479597862006177048346860001810000000000000000002180000000000                 
1040001300074U 0600000000000051800000000000095900000000000000000000000000095900000000000531300000000000339500000000000000000000000000000024052010260520101100        000000000000000AUTOMACAO                     681                           
1040001300075T 0600249600300000286080D00000000000000000001               30042010000000000019784104016799                         090000542404600001104934588000001978497862008177542404600001110000000000000000002180000000000                 
1040001300076U 0600000000000257200000000000395700000000000000000000000000395700000000002235600000000001444200000000000000000000000000000024052010260520101100        000000000000000AUTOMACAO                     811                           
1040001300077T 0600249600300000286080D00000000000000000001               30042010000000000000000104013749                         090000589229490001104944588000000000097862009177589229490001300000000000000000002180000000000                 
1040001300078U 0600000000000000000000000000334700000000000000000000000000334700000000001673600000000001004200000000000000000000000000000024052010260520101100        000000000000000AUTOMACAO                     930                           
1040001300079T 0600249600300000286080D00000000000000000001               30042010000000000000000104006890                         090000680293050001104924588000000000097862009177680293050001300000000000000000002180000000000                 
1040001300080U 0600000000000000000000000000162500000000000000000000000000162500000000000812600000000000487600000000000000000000000000000024052010260520101100        000000000000000AUTOMACAO                     930                           
10400015         00008000000000000000000000000000000000000000000000000000000000000000000000000000000000000000358194                           00000000000000000000000000000                                                                     
10499999         000001000084000000000              00000 000000000000                                                                        00000000000000000000000000000                                                                     
