10400000         243070481000114186200              00249600300000286080SINEMPEDIFPORTCAB MUN SP      CAIXA ECONOMICA FEDERAL                 22903201004140100123606000000                                                                     
10400011T01  030 2043070481000114186200              00249600300000286080SINEMPEDIFPORTCAB MUN SP      200501                                  000000                                  000000002903201000000000                                 
1040001300001T 0600249600300000286080D00000000000000000001               30042010000000000000000237019925                         090000002190312206104974588000000000097862009177002190312206300000000000000000002220000000000                 
1040001300002U 0600000000000000000000000000109300000000000000000000000000109300000000000546600000000000328000000000000000000000000000000024032010290320101900        000000000000000CIP COMPENSACAO               930                           
1040001300003T 0600249600300000286080D00000000000000000001               30042010000000000000000356009911                         090000082223970001104904588000000000097862009177082223970001300000000000000000002220000000000                 
1040001300004U 0600000000000000000000000000044900000000000000000000000000044900000000000224500000000000134700000000000000000000000000000024032010290320101900        000000000000000CIP COMPENSACAO               930                           
10400015         00000400000000000000000000000000000000000000000000000000000000000000000000000000000000000000004627                           00000000000000000000000000000                                                                     
10499999         000001000008000000000              00000 000000000000                                                                        00000000000000000000000000000                                                                     
