10400000         243070481000114186200              00249600300000286080SINEMPEDIFPORTCAB MUN SP      CAIXA ECONOMICA FEDERAL                 21805201005101700127006000000                                                                     
10400011T01  030 2043070481000114186200              00249600300000286080SINEMPEDIFPORTCAB MUN SP      200501                                  000000                                  000000001805201000000000                                 
1040001300001T 0600249600300000286080D00000000000000000001               30042010000000000000000237001988                         090000538320510001104994588000000000097862009177538320510001300000000000000000002220000000000                 
1040001300002U 0600000000000000000000000000243200000000000000000000000000243200000000001216100000000000729700000000000000000000000000000013052010180520101900        000000000000000CIP COMPENSACAO               930                           
1040001300003T 0600249600300000286080D00000000000000000001               31052010000000000018215104028991                         090000546593880001104924619000001821597862008177546593880001110000000000000000002180000000000                 
1040001300004U 0600000000000000000000000000364300000000000000000000000000364300000000001821500000000001092900000000000000000000000000000013052010180520102100        000000000000000AUTOMACAO                     811                           
1040001300005T 0600249600300000286080D00000000000000000001               13052010000000000000000237001066                         090000546622420001104984601000000000097862009177546622420001300000000000000000002220000000000                 
1040001300006U 0600000000000000000000000000397400000000000000000000000000397400000000001987200000000001192400000000000000000000000000000013052010180520101900        000000000000000CIP COMPENSACAO               930                           
1040001300007T 0600249600300000286080D00000000000000000001               30042010000000000000000104030333                         090000650898560001104914588000000000097862009177650898560001300000000000000000002180000000000                 
1040001300008U 0600000000000000000000000000208900000000000000000000000000208900000000001044600000000000626800000000000000000000000000000013052010180520102100        000000000000000AUTOMACAO                     930                           
1040001300009T 0600249600300000286080D00000000000000000001               30042010000000000000000104002712                         090000678386980001104914588000000000097862009177678386980001300000000000000000002180000000000                 
1040001300010U 0600000000000000000000000000347200000000000000000000000000347200000000001735900000000001041500000000000000000000000000000013052010180520102100        000000000000000AUTOMACAO                     930                           
1040001300011T 0600249600300000286080D00000000000000000001               30042010000000000000000104012300                         090000000000000002104944588000000000097862009177000000000002300000000000000000002180000000000                 
1040001300012U 0600000000000000000000000000053900000000000000000000000000053900000000000269500000000000161700000000000000000000000000000014052010180520101100        000000000000000AUTOMACAO                     930                           
1040001300013T 0600249600300000286080D00000000000000000001               30042010000000000000000104029629                         090000002190218501104994588000000000097862009177002190218501300000000000000000002180000000000                 
1040001300014U 0600000000000000000000000000059900000000000000000000000000059900000000000299500000000000179700000000000000000000000000000014052010180520101100        000000000000000AUTOMACAO                     930                           
1040001300015T 0600249600300000286080D00000000000000000001               30042010000000000000000104029629                         090000012533300001104974588000000000097862009177012533300001300000000000000000002180000000000                 
1040001300016U 0600000000000000000000000000211500000000000000000000000000211500000000001057700000000000634700000000000000000000000000000014052010180520101100        000000000000000AUTOMACAO                     930                           
1040001300017T 0600249600300000286080D00000000000000000001               30042010000000000000000104029629                         090000084664030001104994588000000000097862009177084664030001300000000000000000002180000000000                 
1040001300018U 0600000000000000000000000000429200000000000000000000000000429200000000002145900000000001287500000000000000000000000000000014052010180520101100        000000000000000AUTOMACAO                     930                           
1040001300019T 0600249600300000286080D00000000000000000001               30042010000000000000000104002461                         090000594905240001104914588000000000097862009177594905240001300000000000000000002180000000000                 
1040001300020U 0600000000000000000000000000272500000000000000000000000000272500000000001362400000000000817400000000000000000000000000000014052010180520101100        000000000000000AUTOMACAO                     930                           
1040001300021T 0600249600300000286080D00000000000000000001               30042010000000000000000104041580                         090000630359900001104994588000000000097862009177630359900001300000000000000000002180000000000                 
1040001300022U 0600000000000000000000000000221700000000000000000000000000221700000000001108500000000000665100000000000000000000000000000014052010180520101100        000000000000000AUTOMACAO                     930                           
10400015         00002200000000000000000000000000000000000000000000000000000000000000000000000000000000000000084294                           00000000000000000000000000000                                                                     
10499999         000001000026000000000              00000 000000000000                                                                        00000000000000000000000000000                                                                     
