10400000         243070481000114186200              00249600300000286080SINEMPEDIFPORTCAB MUN SP      CAIXA ECONOMICA FEDERAL                 20704201003514300124206000000                                                                     
10400011T01  030 2043070481000114186200              00249600300000286080SINEMPEDIFPORTCAB MUN SP      200501                                  000000                                  000000000704201000000000                                 
1040001300001T 0600249600300000286080D00000000000000000001               30042010000000000000000001048666                         090000002190217868104964588000000000097862009177002190217868300000000000000000002220000000000                 
1040001300002U 0600000000000000000000000000320000000000000000000000000000320000000000001600200000000000960200000000000000000000000000000001042010070420101900        000000000000000CIP COMPENSACAO               930                           
1040001300003T 0600249600300000286080D00000000000000000001               30042010000000000000000001048666                         090000002190218415104954588000000000097862009177002190218415300000000000000000002220000000000                 
1040001300004U 0600000000000000000000000000643600000000000000000000000000643600000000003218100000000001930900000000000000000000000000000001042010070420101900        000000000000000CIP COMPENSACAO               930                           
1040001300005T 0600249600300000286080D00000000000000000001               30042010000000000000000151004057                         090000005246140001104994588000000000097862009177005246140001300000000000000000002220000000000                 
1040001300006U 0600000000000000000000000000022400000000000000000000000000022400000000000112200000000000067400000000000000000000000000000001042010070420101900        000000000000000CIP COMPENSACAO               930                           
1040001300007T 0600249600300000286080D00000000000000000001               30042010000000000000000341066648                         090000009883800001104954588000000000097862009177009883800001300000000000000000002220000000000                 
1040001300008U 0600000000000000000000000000149300000000000000000000000000149300000000000746400000000000447800000000000000000000000000000001042010070420101900        000000000000000CIP COMPENSACAO               930                           
1040001300009T 0600249600300000286080D00000000000000000001               30042010000000000000000341002119                         090000013291410001104954588000000000097862009177013291410001300000000000000000002220000000000                 
1040001300010U 0600000000000000000000000000400400000000000000000000000000400400000000002002000000000001201200000000000000000000000000000001042010070420101900        000000000000000CIP COMPENSACAO               930                           
1040001300011T 0600249600300000286080D00000000000000000001               30042010000000000000000341016187                         090000014510800001104984588000000000097862009177014510800001300000000000000000002220000000000                 
1040001300012U 0600000000000000000000000000403900000000000000000000000000403900000000002019300000000001211500000000000000000000000000000001042010070420101900        000000000000000CIP COMPENSACAO               930                           
1040001300013T 0600249600300000286080D00000000000000000001               30042010000000000000000237004758                         090000024505070001104914588000000000097862009177024505070001300000000000000000002220000000000                 
1040001300014U 0600000000000000000000000000106800000000000000000000000000106800000000000534100000000000320500000000000000000000000000000001042010070420101900        000000000000000CIP COMPENSACAO               930                           
1040001300015T 0600249600300000286080D00000000000000000001               30042010000000000000000341044962                         090000024556860001104974588000000000097862009177024556860001300000000000000000002220000000000                 
1040001300016U 0600000000000000000000000000354800000000000000000000000000354800000000001773800000000001064200000000000000000000000000000001042010070420101900        000000000000000CIP COMPENSACAO               930                           
1040001300017T 0600249600300000286080D00000000000000000001               30042010000000000000000237004227                         090000033518790001104914588000000000097862009177033518790001300000000000000000002220000000000                 
1040001300018U 0600000000000000000000000000102000000000000000000000000000102000000000000509900000000000305900000000000000000000000000000001042010070420101900        000000000000000CIP COMPENSACAO               930                           
1040001300019T 0600249600300000286080D00000000000000000001               30042010000000000000000341083313                         090000053296590001104984588000000000097862009177053296590001300000000000000000002220000000000                 
1040001300020U 0600000000000000000000000000066700000000000000000000000000066700000000000333300000000000199900000000000000000000000000000001042010070420101900        000000000000000CIP COMPENSACAO               930                           
1040001300021T 0600249600300000286080D00000000000000000001               30042010000000000002919341044652                         090000070396900001104964588000000291997862008177070396900001110000000000000000002220000000000                 
1040001300022U 0600000000000000000000000000058400000000000000000000000000058400000000000291900000000000175100000000000000000000000000000001042010070420101900        000000000000000CIP COMPENSACAO               811                           
1040001300023T 0600249600300000286080D00000000000000000001               30042010000000000000000341002119                         090000086125210001104954588000000000097862009177086125210001300000000000000000002220000000000                 
1040001300024U 0600000000000000000000000000073300000000000000000000000000073300000000000366700000000000220100000000000000000000000000000001042010070420101900        000000000000000CIP COMPENSACAO               930                           
1040001300025T 0600249600300000286080D00000000000000000001               30042010000000000000000341007439                         090000538348910001104964588000000000097862009177538348910001300000000000000000002220000000000                 
1040001300026U 0600000000000000000000000000049100000000000000000000000000049100000000000245300000000000147100000000000000000000000000000001042010070420101900        000000000000000CIP COMPENSACAO               930                           
1040001300027T 0600249600300000286080D00000000000000000001               30042010000000000000000341000680                         090000546107790001104984588000000000097862009177546107790001300000000000000000002220000000000                 
1040001300028U 0600000000000000000000000000031200000000000000000000000000031200000000000155800000000000093400000000000000000000000000000001042010070420101900        000000000000000CIP COMPENSACAO               930                           
1040001300029T 0600249600300000286080D00000000000000000001               30042010000000000000000341000680                         090000546107950001104914588000000000097862009177546107950001300000000000000000002220000000000                 
1040001300030U 0600000000000000000000000000037800000000000000000000000000037800000000000189100000000000113500000000000000000000000000000001042010070420101900        000000000000000CIP COMPENSACAO               930                           
1040001300031T 0600249600300000286080D00000000000000000001               30042010000000000000000237002771                         090000549360670001104964588000000000097862009177549360670001300000000000000000002220000000000                 
1040001300032U 0600000000000000000000000000098100000000000000000000000000098100000000000490400000000000294200000000000000000000000000000001042010070420101900        000000000000000CIP COMPENSACAO               930                           
1040001300033T 0600249600300000286080D00000000000000000001               30042010000000000000000237027162                         090000552219640001104954588000000000097862009177552219640001300000000000000000002220000000000                 
1040001300034U 0600000000000000000000000000509900000000000000000000000000509900000000002549400000000001529600000000000000000000000000000001042010070420101900        000000000000000CIP COMPENSACAO               930                           
1040001300035T 0600249600300000286080D00000000000000000001               30042010000000000000000237001040                         090000554432460001104984588000000000097862009177554432460001300000000000000000002220000000000                 
1040001300036U 0600000000000000000000000000034300000000000000000000000000034300000000000171600000000000103000000000000000000000000000000001042010070420101900        000000000000000CIP COMPENSACAO               930                           
1040001300037T 0600249600300000286080D00000000000000000001               30042010000000000000000237004235                         090000581065350001104914588000000000097862009177581065350001300000000000000000002220000000000                 
1040001300038U 0600000000000000000000000000103300000000000000000000000000103300000000000516400000000000309800000000000000000000000000000001042010070420101900        000000000000000CIP COMPENSACAO               930                           
1040001300039T 0600249600300000286080D00000000000000000001               07101997000000000000000341055743                         090000588027110001104900000000000000097862009177588027110001300000000000000000002220000000000                 
1040001300040U 0600000000000000000000000000067100000000000000000000000000067100000000000335700000000000201500000000000000000000000000000001042010070420101900        000000000000000CIP COMPENSACAO               930                           
1040001300041T 0600249600300000286080D00000000000000000001               30042010000000000000000399002135                         090000589280290001104914588000000000097862009177589280290001300000000000000000002220000000000                 
1040001300042U 0600000000000000000000000000036500000000000000000000000000036500000000000182300000000000109300000000000000000000000000000001042010070420101900        000000000000000CIP COMPENSACAO               930                           
1040001300043T 0600249600300000286080D00000000000000000001               30042010000000000000000237004219                         090000591777170001104964588000000000097862009177591777170001300000000000000000002220000000000                 
1040001300044U 0600000000000000000000000000295400000000000000000000000000295400000000001476800000000000886000000000000000000000000000000001042010070420101900        000000000000000CIP COMPENSACAO               930                           
1040001300045T 0600249600300000286080D00000000000000000001               07101997000000000000000341003506                         090000670027090001104900000000000000097862009177670027090001300000000000000000002220000000000                 
1040001300046U 0600000000000000000000000000363400000000000000000000000000363400000000001816900000000001090100000000000000000000000000000001042010070420101900        000000000000000CIP COMPENSACAO               930                           
1040001300047T 0600249600300000286080D00000000000000000001               30042010000000000000000341006092                         090000670070960001104954588000000000097862009177670070960001300000000000000000002220000000000                 
1040001300048U 0600000000000000000000000000250700000000000000000000000000250700000000001253500000000000752100000000000000000000000000000001042010070420101900        000000000000000CIP COMPENSACAO               930                           
1040001300049T 0600249600300000286080D00000000000000000001               30042010000000000000000341016640                         090000683138570001104944588000000000097862009177683138570001300000000000000000002220000000000                 
1040001300050U 0600000000000000000000000000082400000000000000000000000000082400000000000412000000000000247200000000000000000000000000000001042010070420101900        000000000000000CIP COMPENSACAO               930                           
1040001300051T 0600249600300000286080D00000000000000000001               30042010000000000000000341081221                         090000739726710001104914588000000000097862009177739726710001300000000000000000002220000000000                 
1040001300052U 0600000000000000000000000000045000000000000000000000000000045000000000000225000000000000135000000000000000000000000000000001042010070420101900        000000000000000CIP COMPENSACAO               930                           
1040001300053T 0600249600300000286080D00000000000000000001               30042010000000000000000104041424                         090000011722290001104914588000000000097862009177011722290001300000000000000000002180000000000                 
1040001300054U 0600000000000000000000000000140800000000000000000000000000140800000000000704100000000000422500000000000000000000000000000005042010070420101100        000000000000000AUTOMACAO                     930                           
1040001300055T 0600249600300000286080D00000000000000000001               30042010000000000011599104002518                         090000576571320001104974588000001159997862008177576571320001110000000000000000001090000000000                 
1040001300056U 0600000000000000000000000000232000000000000000000000000000232000000000001159900000000000695900000000000000000000000000000005042010070420101700        000000000000000LOTERICOS SISPL               811                           
1040001300057T 0600249600300000286080D00000000000000000001               30042010000000000000000104002739                         090000594947320001104934588000000000097862009177594947320001300000000000000000002180000000000                 
1040001300058U 0600000000000000000000000000150400000000000000000000000000150400000000000752000000000000451200000000000000000000000000000005042010070420101100        000000000000000AUTOMACAO                     930                           
1040001300059T 0600249600300000286080D00000000000000000001               30042010000000000011786104002755                         090000595739980001104914588000001178697862008177595739980001110000000000000000002180000000000                 
1040001300060U 0600000000000000000000000000235700000000000000000000000000235700000000001178600000000000707200000000000000000000000000000005042010070420101100        000000000000000AUTOMACAO                     811                           
1040001300061T 0600249600300000286080D00000000000000000001               30042010000000000017986104002755                         090000624610740001104954588000001798697862008177624610740001110000000000000000002180000000000                 
1040001300062U 0600000000000000000000000000359700000000000000000000000000359700000000001798600000000001079200000000000000000000000000000005042010070420101100        000000000000000AUTOMACAO                     811                           
10400015         00006200000000000000000000000000000000000000000000000000000000000000000000000000000000000000174725                           00000000000000000000000000000                                                                     
10499999         000001000066000000000              00000 000000000000                                                                        00000000000000000000000000000                                                                     
