10400000         243070481000114186200              00249600300000286080SINEMPEDIFPORTCAB MUN SP      CAIXA ECONOMICA FEDERAL                 20406201004560500128206000000                                                                     
10400011T01  030 2043070481000114186200              00249600300000286080SINEMPEDIFPORTCAB MUN SP      200501                                  000000                                  000000000406201000000000                                 
1040001300001T 0600249600300000286080D00000000000000000001               31052010000000000003536033006378                         090000003446360891104984619000000353697862009177003446360891600000000000000000002220000000000                 
1040001300002U 0600000000000000000000000000070700000000000000000000000000070700000000000353600000000000212200000000000000000000000000000031052010040620101900        000000000000000CIP COMPENSACAO               960                           
1040001300003T 0600249600300000286080D00000000000000000001               30052010000000000003188341001708                         090000006221130001104924618000000318897862008177006221130001110000000000000000002220000000000                 
1040001300004U 0600000000000000000000000000063800000000000000000000000000063800000000000318800000000000191200000000000000000000000000000031052010040620101900        000000000000000CIP COMPENSACAO               811                           
1040001300005T 0600249600300000286080D00000000000000000001               30052010000000000003333341001708                         090000015256280001104924618000000333397862008177015256280001110000000000000000002220000000000                 
1040001300006U 0600000000000000000000000000066700000000000000000000000000066700000000000333300000000000199900000000000000000000000000000031052010040620101900        000000000000000CIP COMPENSACAO               811                           
1040001300007T 0600249600300000286080D00000000000000000001               31052010000000000002333237037796                         090000016026458840104914619000000233397862008177016026458840110000000000000000002220000000000                 
1040001300008U 0600000000000000000000000000046700000000000000000000000000046700000000000233300000000000139900000000000000000000000000000031052010040620101900        000000000000000CIP COMPENSACAO               811                           
1040001300009T 0600249600300000286080D00000000000000000001               31052010000000000004667341004456                         090000017503560001104964619000000466797862008177017503560001110000000000000000002220000000000                 
1040001300010U 0600000000000000000000000000093300000000000000000000000000093300000000000466700000000000280100000000000000000000000000000031052010040620101900        000000000000000CIP COMPENSACAO               811                           
1040001300011T 0600249600300000286080D00000000000000000001               31052010000000000003000237038571                         090000032408520001104954619000000300097862008177032408520001110000000000000000002220000000000                 
1040001300012U 0600000000000000000000000000060000000000000000000000000000060000000000000300000000000000180000000000000000000000000000000031052010040620101900        000000000000000CIP COMPENSACAO               811                           
1040001300013T 0600249600300000286080D00000000000000000001               31052010000000000002347237006564                         090000039545780001104924619000000234797862008177039545780001110000000000000000002220000000000                 
1040001300014U 0600000000000000000000000000046900000000000000000000000000046900000000000234700000000000140900000000000000000000000000000031052010040620101900        000000000000000CIP COMPENSACAO               811                           
1040001300015T 0600249600300000286080D00000000000000000001               30052010000000000000000237028975                         090000040822170001104914618000000000097862009177040822170001300000000000000000002220000000000                 
1040001300016U 0600000000000000000000000000073800000000000000000000000000073800000000000369200000000000221600000000000000000000000000000031052010040620101900        000000000000000CIP COMPENSACAO               930                           
1040001300017T 0600249600300000286080D00000000000000000001               31052010000000000002540033022713                         090000044984750001104994619000000254097862008177044984750001020000000000000000002220000000000                 
1040001300018U 0600000000000000000000000000050800000000000000000000000000050800000000000254000000000000152400000000000000000000000000000031052010040620101900        000000000000000CIP COMPENSACAO               802                           
1040001300019T 0600249600300000286080D00000000000000000001               31052010000000000000000237032638                         090000055249020001104964619000000000097862009177055249020001300000000000000000002220000000000                 
1040001300020U 0600000000000000000000000000115600000000000000000000000000115600000000000577800000000000346600000000000000000000000000000031052010040620101900        000000000000000CIP COMPENSACAO               930                           
1040001300021T 0600249600300000286080D00000000000000000001               07101997000000000002559356001368                         090000055334240001104900000000000255997862008177055334240001110000000000000000002220000000000                 
1040001300022U 0600000000000000000000000000051200000000000000000000000000051200000000000255900000000000153500000000000000000000000000000031052010040620101900        000000000000000CIP COMPENSACAO               811                           
1040001300023T 0600249600300000286080D00000000000000000001               31052010000000000002553237038571                         090000055759400001104934619000000255397862008177055759400001110000000000000000002220000000000                 
1040001300024U 0600000000000000000000000000051100000000000000000000000000051100000000000255300000000000153100000000000000000000000000000031052010040620101900        000000000000000CIP COMPENSACAO               811                           
1040001300025T 0600249600300000286080D00000000000000000001               31052010000000000004916341000671                         090000060913430001104914619000000491697862008177060913430001110000000000000000002220000000000                 
1040001300026U 0600000000000000000000000000098300000000000000000000000000098300000000000491600000000000295000000000000000000000000000000031052010040620101900        000000000000000CIP COMPENSACAO               811                           
1040001300027T 0600249600300000286080D00000000000000000001               31052010000000000000000422000345                         090000066989660001104914619000000000097862009177066989660001300000000000000000002220000000000                 
1040001300028U 0600000000000000000000000000093900000000000000000000000000093900000000000469400000000000281600000000000000000000000000000031052010040620101900        000000000000000CIP COMPENSACAO               930                           
1040001300029T 0600249600300000286080D00000000000000000001               30052010000000000004998341001708                         090000074567560001104914618000000499897862008177074567560001110000000000000000002220000000000                 
1040001300030U 0600000000000000000000000000100000000000000000000000000000100000000000000499800000000000299800000000000000000000000000000031052010040620101900        000000000000000CIP COMPENSACAO               811                           
1040001300031T 0600249600300000286080D00000000000000000001               30052010000000000021332356005622                         090000085287480001104904618000002133297862007177085287480001010000000000000000002220000000000                 
1040001300032U 0600000000000000000000000000426600000000000000000000000000426600000000002133200000000001280000000000000000000000000000000031052010040620101900        000000000000000CIP COMPENSACAO               701                           
1040001300033T 0600249600300000286080D00000000000000000001               31052010000000000004593341000671                         090000093407140001104994619000000459397862008177093407140001110000000000000000002220000000000                 
1040001300034U 0600000000000000000000000000091900000000000000000000000000091900000000000459300000000000275500000000000000000000000000000031052010040620101900        000000000000000CIP COMPENSACAO               811                           
1040001300035T 0600249600300000286080D00000000000000000001               31052010000000000002582356009415                         090000105008030001104904619000000258297862008177105008030001110000000000000000002220000000000                 
1040001300036U 0600000000000000000000000000051600000000000000000000000000051600000000000258200000000000155000000000000000000000000000000031052010040620101900        000000000000000CIP COMPENSACAO               811                           
1040001300037T 0600249600300000286080D00000000000000000001               31052010000000000011900237037796                         090000106357770001104914619000001190097862008177106357770001110000000000000000002220000000000                 
1040001300038U 0600000000000000000000000000238000000000000000000000000000238000000000001190000000000000714000000000000000000000000000000031052010040620101900        000000000000000CIP COMPENSACAO               811                           
1040001300039T 0600249600300000286080D00000000000000000001               31052010000000000008333356008699                         090000342912000010104904619000000833397862008177342912000010110000000000000000002220000000000                 
1040001300040U 0600000000000000000000000000166700000000000000000000000000166700000000000833300000000000499900000000000000000000000000000031052010040620101900        000000000000000CIP COMPENSACAO               811                           
1040001300041T 0600249600300000286080D00000000000000000001               31052010000000000002667237035041                         090000538164760001104914619000000266797862008177538164760001110000000000000000002220000000000                 
1040001300042U 0600000000000000000000000000053300000000000000000000000000053300000000000266700000000000160100000000000000000000000000000031052010040620101900        000000000000000CIP COMPENSACAO               811                           
1040001300043T 0600249600300000286080D00000000000000000001               31052010000000000000000237002003                         090000538183160001104984619000000000097862009177538183160001300000000000000000002220000000000                 
1040001300044U 0600000000000000000000000000056300000000000000000000000000056300000000000281300000000000168700000000000000000000000000000031052010040620101900        000000000000000CIP COMPENSACAO               930                           
1040001300045T 0600249600300000286080D00000000000000000001               30052010000000000002333237038229                         090000538312850001104994618000000233397862008177538312850001110000000000000000002220000000000                 
1040001300046U 0600000000000000000000000000046700000000000000000000000000046700000000000233300000000000139900000000000000000000000000000031052010040620101900        000000000000000CIP COMPENSACAO               811                           
1040001300047T 0600249600300000286080D00000000000000000001               07101997000000000000000341010243                         090000539928550001104900000000000000097862006177539928550001810000000000000000002220000000000                 
1040001300048U 0600000000000000000000000000049200000000000000000000000000049200000000000246200000000000147800000000000000000000000000000031052010040620101900        000000000000000CIP COMPENSACAO               681                           
1040001300049T 0600249600300000286080D00000000000000000001               31052010000000000002833341004456                         090000540007400001104964619000000283397862008177540007400001110000000000000000002220000000000                 
1040001300050U 0600000000000000000000000000056700000000000000000000000000056700000000000283300000000000169900000000000000000000000000000031052010040620101900        000000000000000CIP COMPENSACAO               811                           
1040001300051T 0600249600300000286080D00000000000000000001               31052010000000000002348341000671                         090000540021180001104934619000000234897862008177540021180001110000000000000000002220000000000                 
1040001300052U 0600000000000000000000000000047000000000000000000000000000047000000000000234800000000000140800000000000000000000000000000031052010040620101900        000000000000000CIP COMPENSACAO               811                           
1040001300053T 0600249600300000286080D00000000000000000001               31052010000000000002575341000671                         090000540613380001104924619000000257597862008177540613380001110000000000000000002220000000000                 
1040001300054U 0600000000000000000000000000051500000000000000000000000000051500000000000257500000000000154500000000000000000000000000000031052010040620101900        000000000000000CIP COMPENSACAO               811                           
1040001300055T 0600249600300000286080D00000000000000000001               31052010000000000004490341085529                         090000541996580001104934619000000449097862008177541996580001110000000000000000002220000000000                 
1040001300056U 0600000000000000000000000000089800000000000000000000000000089800000000000449000000000000269400000000000000000000000000000031052010040620101900        000000000000000CIP COMPENSACAO               811                           
1040001300057T 0600249600300000286080D00000000000000000001               31052010000000000000000237037907                         090000542071130001104914619000000000097862009177542071130001300000000000000000002220000000000                 
1040001300058U 0600000000000000000000000000044900000000000000000000000000044900000000000224700000000000134900000000000000000000000000000031052010040620101900        000000000000000CIP COMPENSACAO               930                           
1040001300059T 0600249600300000286080D00000000000000000001               31052010000000000002245341000671                         090000542791950001104994619000000224597862008177542791950001110000000000000000002220000000000                 
1040001300060U 0600000000000000000000000000044900000000000000000000000000044900000000000224500000000000134700000000000000000000000000000031052010040620101900        000000000000000CIP COMPENSACAO               811                           
1040001300061T 0600249600300000286080D00000000000000000001               31052010000000000010556341000671                         090000542819690001104924619000001055697862008177542819690001110000000000000000002220000000000                 
1040001300062U 0600000000000000000000000000211100000000000000000000000000211100000000001055600000000000633400000000000000000000000000000031052010040620101900        000000000000000CIP COMPENSACAO               811                           
1040001300063T 0600249600300000286080D00000000000000000001               31052010000000000002905341015717                         090000545343420001104994619000000290597862009177545343420001300000000000000000002220000000000                 
1040001300064U 0600000000000000000000000000058100000000000000000000000000058100000000000290500000000000174300000000000000000000000000000031052010040620101900        000000000000000CIP COMPENSACAO               930                           
1040001300065T 0600249600300000286080D00000000000000000001               30062010000000000000000356017728                         090000545358280001104904649000000000097862009177545358280001300000000000000000002220000000000                 
1040001300066U 0600000000000000000000000000169800000000000000000000000000169800000000000849200000000000509600000000000000000000000000000031052010040620101900        000000000000000CIP COMPENSACAO               930                           
1040001300067T 0600249600300000286080D00000000000000000001               31052010000000000005860341030953                         090000547457400001104974619000000586097862008177547457400001110000000000000000002220000000000                 
1040001300068U 0600000000000000000000000000117200000000000000000000000000117200000000000586000000000000351600000000000000000000000000000031052010040620101900        000000000000000CIP COMPENSACAO               811                           
1040001300069T 0600249600300000286080D00000000000000000001               31052010000000000002933341002623                         090000549575350001104994619000000293397862008177549575350001110000000000000000002220000000000                 
1040001300070U 0600000000000000000000000000058700000000000000000000000000058700000000000293300000000000175900000000000000000000000000000031052010040620101900        000000000000000CIP COMPENSACAO               811                           
1040001300071T 0600249600300000286080D00000000000000000001               31052010000000000002245341000671                         090000552160890001104944619000000224597862008177552160890001110000000000000000002220000000000                 
1040001300072U 0600000000000000000000000000044900000000000000000000000000044900000000000224500000000000134700000000000000000000000000000031052010040620101900        000000000000000CIP COMPENSACAO               811                           
1040001300073T 0600249600300000286080D00000000000000000001               30062010000000000002348341007722                         090000553975660001104914649000000234897862009177553975660001300000000000000000002220000000000                 
1040001300074U 0600000000000000000000000000047000000000000000000000000000047000000000000234800000000000140800000000000000000000000000000031052010040620101900        000000000000000CIP COMPENSACAO               930                           
1040001300075T 0600249600300000286080D00000000000000000001               30042010000000000000000356007102                         090000560949640001104904588000000000097862009177560949640001300000000000000000002220000000000                 
1040001300076U 0600000000000000000000000000091300000000000000000000000000091300000000000456600000000000274000000000000000000000000000000031052010040620101900        000000000000000CIP COMPENSACAO               930                           
1040001300077T 0600249600300000286080D00000000000000000001               30052010000000000006738356004090                         090000563167630001104904618000000673897862005177563167630001510000000000000000002220000000000                 
1040001300078U 0600000000000000000000000000134800000000000000000000000000134800000000000673800000000000404200000000000000000000000000000031052010040620101900        000000000000000CIP COMPENSACAO               551                           
1040001300079T 0600249600300000286080D00000000000000000001               31052010000000000003156341080985                         090000568080660001104914619000000315697862008177568080660001110000000000000000002220000000000                 
1040001300080U 0600000000000000000000000000063100000000000000000000000000063100000000000315600000000000189400000000000000000000000000000031052010040620101900        000000000000000CIP COMPENSACAO               811                           
1040001300081T 0600249600300000286080D00000000000000000001               31052010000000000004930341000671                         090000571218990001104914619000000493097862008177571218990001110000000000000000002220000000000                 
1040001300082U 0600000000000000000000000000098600000000000000000000000000098600000000000493000000000000295800000000000000000000000000000031052010040620101900        000000000000000CIP COMPENSACAO               811                           
1040001300083T 0600249600300000286080D00000000000000000001               31052010000000000002694341004669                         090000571251480001104914619000000269497862008177571251480001110000000000000000002220000000000                 
1040001300084U 0600000000000000000000000000053900000000000000000000000000053900000000000269400000000000161600000000000000000000000000000031052010040620101900        000000000000000CIP COMPENSACAO               811                           
1040001300085T 0600249600300000286080D00000000000000000001               29042010000000000030142104032565                         090000576539250001104924587000003014297862008177576539250001110000000000000000002180000000000                 
1040001300086U 0600000000000424000000000000602800000000000000000000000000602800000000003438200000000002232600000000000000000000000000000031052010040620102100        000000000000000AUTOMACAO                     811                           
1040001300087T 0600249600300000286080D00000000000000000001               31052010000000000000000422000345                         090000578527250001104914619000000000097862009177578527250001300000000000000000002220000000000                 
1040001300088U 0600000000000000000000000000046900000000000000000000000000046900000000000234700000000000140900000000000000000000000000000031052010040620101900        000000000000000CIP COMPENSACAO               930                           
1040001300089T 0600249600300000286080D00000000000000000001               31052010000000000003560237001562                         090000612772730001104974619000000356097862006177612772730001020000000000000000002220000000000                 
1040001300090U 0600000000000000000000000000071200000000000000000000000000071200000000000356000000000000213600000000000000000000000000000031052010040620101900        000000000000000CIP COMPENSACAO               602                           
1040001300091T 0600249600300000286080D00000000000000000001               31052010000000000004258341015466                         090000615740260001104984619000000425897862008177615740260001110000000000000000002220000000000                 
1040001300092U 0600000000000000000000000000085200000000000000000000000000085200000000000425800000000000255400000000000000000000000000000031052010040620101900        000000000000000CIP COMPENSACAO               811                           
1040001300093T 0600249600300000286080D00000000000000000001               31052010000000000002933341021172                         090000615904100001104924619000000293397862008177615904100001610000000000000000002220000000000                 
1040001300094U 0600000000000000000000000000058700000000000000000000000000058700000000000293300000000000175900000000000000000000000000000031052010040620101900        000000000000000CIP COMPENSACAO               861                           
1040001300095T 0600249600300000286080D00000000000000000001               31052010000000000000000237001988                         090000625690330001104914619000000000097862009177625690330001300000000000000000002220000000000                 
1040001300096U 0600000000000000000000000000047000000000000000000000000000047000000000000235000000000000141000000000000000000000000000000031052010040620101900        000000000000000CIP COMPENSACAO               930                           
1040001300097T 0600249600300000286080D00000000000000000001               31052010000000000000000237037907                         090000640192920001104954619000000000097862009177640192920001300000000000000000002220000000000                 
1040001300098U 0600000000000000000000000000044900000000000000000000000000044900000000000224700000000000134900000000000000000000000000000031052010040620101900        000000000000000CIP COMPENSACAO               930                           
1040001300099T 0600249600300000286080D00000000000000000001               31052010000000000005612341029998                         090000641888650001104924619000000561297862008177641888650001110000000000000000002220000000000                 
1040001300100U 0600000000000000000000000000112200000000000000000000000000112200000000000561200000000000336800000000000000000000000000000031052010040620101900        000000000000000CIP COMPENSACAO               811                           
1040001300101T 0600249600300000286080D00000000000000000001               30052010000000000005539341001708                         090000670050170001104914618000000553997862008177670050170001110000000000000000002220000000000                 
1040001300102U 0600000000000000000000000000110800000000000000000000000000110800000000000553900000000000332300000000000000000000000000000031052010040620101900        000000000000000CIP COMPENSACAO               811                           
1040001300103T 0600249600300000286080D00000000000000000001               31052010000000000003145237033804                         090000676305580001104914619000000314597862008177676305580001110000000000000000002220000000000                 
1040001300104U 0600000000000000000000000000062900000000000000000000000000062900000000000314500000000000188700000000000000000000000000000031052010040620101900        000000000000000CIP COMPENSACAO               811                           
1040001300105T 0600249600300000286080D00000000000000000001               31052010000000000007289341001600                         090000678428150001104994619000000728997862008177678428150001110000000000000000002220000000000                 
1040001300106U 0600000000000000000000000000145800000000000000000000000000145800000000000728900000000000437300000000000000000000000000000031052010040620101900        000000000000000CIP COMPENSACAO               811                           
1040001300107T 0600249600300000286080D00000000000000000001               30052010000000000003998341001708                         090000679848230001104944618000000399897862008177679848230001110000000000000000002220000000000                 
1040001300108U 0600000000000000000000000000080000000000000000000000000000080000000000000399800000000000239800000000000000000000000000000031052010040620101900        000000000000000CIP COMPENSACAO               811                           
1040001300109T 0600249600300000286080D00000000000000000001               31052010000000000002578237001384                         090000691087440001104924619000000257897862008177691087440001110000000000000000002220000000000                 
1040001300110U 0600000000000000000000000000051600000000000000000000000000051600000000000257800000000000154600000000000000000000000000000031052010040620101900        000000000000000CIP COMPENSACAO               811                           
1040001300111T 0600249600300000286080D00000000000000000001               31052010000000000003184341000574                         090000717422580001104954619000000318497862009177717422580001410000000000000000002220000000000                 
1040001300112U 0600000000000000000000000000063700000000000000000000000000063700000000000318400000000000191000000000000000000000000000000031052010040620101900        000000000000000CIP COMPENSACAO               941                           
1040001300113T 0600249600300000286080D00000000000000000001               31052010000000000002348341000671                         090000737012520001104964619000000234897862008177737012520001110000000000000000002220000000000                 
1040001300114U 0600000000000000000000000000047000000000000000000000000000047000000000000234800000000000140800000000000000000000000000000031052010040620101900        000000000000000CIP COMPENSACAO               811                           
1040001300115T 0600249600300000286080D00000000000000000001               30042010000000000016571104006572                         090000559417850001104924588000001657197862008177559417850001110000000000000000002180000000000                 
1040001300116U 0600000000000225100000000000331400000000000000000000000000331400000000001882200000000001219400000000000000000000000000000001062010040620101100        000000000000000AUTOMACAO                     811                           
10400015         00011600000000000000000000000000000000000000000000000000000000000000000000000000000000000000177732                           00000000000000000000000000000                                                                     
10499999         000001000120000000000              00000 000000000000                                                                        00000000000000000000000000000                                                                     
