10400000         243070481000114186200              00249600300000286080SINEMPEDIFPORTCAB MUN SP      CAIXA ECONOMICA FEDERAL                 22204201004300800125206000000                                                                     
10400011T01  030 2043070481000114186200              00249600300000286080SINEMPEDIFPORTCAB MUN SP      200501                                  000000                                  000000002204201000000000                                 
1040001300001T 0600249600300000286080D00000000000000000001               30042010000000000000000341002852                         090000000169510001104934588000000000097862009177000169510001300000000000000000002220000000000                 
1040001300002U 0600000000000000000000000000212000000000000000000000000000212000000000001060000000000000636000000000000000000000000000000016042010220420101900        000000000000000CIP COMPENSACAO               930                           
1040001300003T 0600249600300000286080D00000000000000000001               30042010000000000018322341004405                         090000000776260001104924588000001832297862008177000776260001110000000000000000002220000000000                 
1040001300004U 0600000000000000000000000000366400000000000000000000000000366400000000001832200000000001099400000000000000000000000000000016042010220420101900        000000000000000CIP COMPENSACAO               811                           
1040001300005T 0600249600300000286080D00000000000000000001               30042010000000000000000237002879                         090000001932750001104954588000000000097862009177001932750001300000000000000000002220000000000                 
1040001300006U 0600000000000000000000000000100400000000000000000000000000100400000000000501800000000000301000000000000000000000000000000016042010220420101900        000000000000000CIP COMPENSACAO               930                           
1040001300007T 0600249600300000286080D00000000000000000001               30042010000000000000000341037630                         090000002190217808104934588000000000097862009177002190217808300000000000000000002220000000000                 
1040001300008U 0600000000000000000000000000117300000000000000000000000000117300000000000586600000000000352000000000000000000000000000000016042010220420101900        000000000000000CIP COMPENSACAO               930                           
1040001300009T 0600249600300000286080D00000000000000000001               30042010000000000001502341006823                         090000011488100001104914588000000150297862008177011488100001110000000000000000002220000000000                 
1040001300010U 0600000000000000000000000000030000000000000000000000000000030000000000000150200000000000090200000000000000000000000000000016042010220420101900        000000000000000CIP COMPENSACAO               811                           
1040001300011T 0600249600300000286080D00000000000000000001               30042010000000000000000341001503                         090000011813770001104924588000000000097862009177011813770001300000000000000000002220000000000                 
1040001300012U 0600000000000000000000000000091500000000000000000000000000091500000000000457700000000000274700000000000000000000000000000016042010220420101900        000000000000000CIP COMPENSACAO               930                           
1040001300013T 0600249600300000286080D00000000000000000001               30042010000000000000000341003832                         090000013093820001104994588000000000097862009177013093820001300000000000000000002220000000000                 
1040001300014U 0600000000000000000000000000194700000000000000000000000000194700000000000973300000000000583900000000000000000000000000000016042010220420101900        000000000000000CIP COMPENSACAO               930                           
1040001300015T 0600249600300000286080D00000000000000000001               30042010000000000014100237016322                         090000015376140001104954588000001410097862007177015376140001490000000000000000002220000000000                 
1040001300016U 0600000000000000000000000000282000000000000000000000000000282000000000001410000000000000846000000000000000000000000000000016042010220420101900        000000000000000CIP COMPENSACAO               749                           
1040001300017T 0600249600300000286080D00000000000000000001               30042010000000000000000033006637                         090000016850380001104914588000000000097862009177016850380001300000000000000000002220000000000                 
1040001300018U 0600000000000000000000000000044900000000000000000000000000044900000000000224500000000000134700000000000000000000000000000016042010220420101900        000000000000000CIP COMPENSACAO               930                           
1040001300019T 0600249600300000286080D00000000000000000001               30042010000000000002347033007790                         090000020886250001104914588000000234797862008177020886250001110000000000000000002220000000000                 
1040001300020U 0600000000000000000000000000046900000000000000000000000000046900000000000234700000000000140900000000000000000000000000000016042010220420101900        000000000000000CIP COMPENSACAO               811                           
1040001300021T 0600249600300000286080D00000000000000000001               30042010000000000000000341029998                         090000021147440001104934588000000000097862009177021147440001300000000000000000002220000000000                 
1040001300022U 0600000000000000000000000000912300000000000000000000000000912300000000004561500000000002736900000000000000000000000000000016042010220420101900        000000000000000CIP COMPENSACAO               930                           
1040001300023T 0600249600300000286080D00000000000000000001               30042010000000000002347341068764                         090000049544050001104914588000000234797862008177049544050001110000000000000000002220000000000                 
1040001300024U 0600000000000000000000000000046900000000000000000000000000046900000000000234700000000000140900000000000000000000000000000016042010220420101900        000000000000000CIP COMPENSACAO               811                           
1040001300025T 0600249600300000286080D00000000000000000001               30042010000000000000000033007781                         090000059969850001104924588000000000097862009177059969850001300000000000000000002220000000000                 
1040001300026U 0600000000000000000000000000044900000000000000000000000000044900000000000224500000000000134700000000000000000000000000000016042010220420101900        000000000000000CIP COMPENSACAO               930                           
1040001300027T 0600249600300000286080D00000000000000000001               30042010000000000000000341002852                         090000069879560001104954588000000000097862009177069879560001300000000000000000002220000000000                 
1040001300028U 0600000000000000000000000000327300000000000000000000000000327300000000001636400000000000981800000000000000000000000000000016042010220420101900        000000000000000CIP COMPENSACAO               930                           
1040001300029T 0600249600300000286080D00000000000000000001               30042010000000000000000237038571                         090000070954020001104914588000000000097862009177070954020001300000000000000000002220000000000                 
1040001300030U 0600000000000000000000000000437900000000000000000000000000437900000000002189300000000001313500000000000000000000000000000016042010220420101900        000000000000000CIP COMPENSACAO               930                           
1040001300031T 0600249600300000286080D00000000000000000001               30042010000000000000000341001759                         090000080141680001104914588000000000097862009177080141680001300000000000000000002220000000000                 
1040001300032U 0600000000000000000000000000049000000000000000000000000000049000000000000244900000000000146900000000000000000000000000000016042010220420101900        000000000000000CIP COMPENSACAO               930                           
1040001300033T 0600249600300000286080D00000000000000000001               30042010000000000027740237026719                         090000082741190001104984588000002774097862009177082741190001430000000000000000002220000000000                 
1040001300034U 0600000000000000000000000000554800000000000000000000000000554800000000002774000000000001664400000000000000000000000000000016042010220420101900        000000000000000CIP COMPENSACAO               943                           
1040001300035T 0600249600300000286080D00000000000000000001               30042010000000000000000341003506                         090000093863720001104924588000000000097862009177093863720001300000000000000000002220000000000                 
1040001300036U 0600000000000000000000000000080000000000000000000000000000080000000000000400000000000000240000000000000000000000000000000016042010220420101900        000000000000000CIP COMPENSACAO               930                           
1040001300037T 0600249600300000286080D00000000000000000001               30042010000000000000000356009423                         090000390063900001104904588000000000097862009177390063900001300000000000000000002220000000000                 
1040001300038U 0600000000000000000000000000082500000000000000000000000000082500000000000412300000000000247300000000000000000000000000000016042010220420101900        000000000000000CIP COMPENSACAO               930                           
1040001300039T 0600249600300000286080D00000000000000000001               30042010000000000000000341003786                         090000540662790001104914588000000000097862009177540662790001300000000000000000002220000000000                 
1040001300040U 0600000000000000000000000000246600000000000000000000000000246600000000001233000000000000739800000000000000000000000000000016042010220420101900        000000000000000CIP COMPENSACAO               930                           
1040001300041T 0600249600300000286080D00000000000000000001               30042010000000000022596341004405                         090000542030700001104914588000002259697862008177542030700001110000000000000000002220000000000                 
1040001300042U 0600000000000000000000000000451900000000000000000000000000451900000000002259600000000001355800000000000000000000000000000016042010220420101900        000000000000000CIP COMPENSACAO               811                           
1040001300043T 0600249600300000286080D00000000000000000001               30042010000000000000000237001201                         090000542234580001104934588000000000097862009177542234580001300000000000000000002220000000000                 
1040001300044U 0600000000000000000000000000140500000000000000000000000000140500000000000702600000000000421600000000000000000000000000000016042010220420101900        000000000000000CIP COMPENSACAO               930                           
1040001300045T 0600249600300000286080D00000000000000000001               30042010000000000000000341001732                         090000542825040001104924588000000000097862009177542825040001300000000000000000002220000000000                 
1040001300046U 0600000000000000000000000000188000000000000000000000000000188000000000000939900000000000563900000000000000000000000000000016042010220420101900        000000000000000CIP COMPENSACAO               930                           
1040001300047T 0600249600300000286080D00000000000000000001               30042010000000000000000237001287                         090000543243710001104924588000000000097862009177543243710001300000000000000000002220000000000                 
1040001300048U 0600000000000000000000000000187800000000000000000000000000187800000000000938800000000000563200000000000000000000000000000016042010220420101900        000000000000000CIP COMPENSACAO               930                           
1040001300049T 0600249600300000286080D00000000000000000001               30042010000000000000000341007757                         090000543252530001104934588000000000097862009177543252530001300000000000000000002220000000000                 
1040001300050U 0600000000000000000000000000511100000000000000000000000000511100000000002555500000000001533300000000000000000000000000000016042010220420101900        000000000000000CIP COMPENSACAO               930                           
1040001300051T 0600249600300000286080D00000000000000000001               07101997000000000000000341029653                         090000544645080001104900000000000000097862009177544645080001300000000000000000002220000000000                 
1040001300052U 0600000000000000000000000000380900000000000000000000000000380900000000001904700000000001142900000000000000000000000000000016042010220420101900        000000000000000CIP COMPENSACAO               930                           
1040001300053T 0600249600300000286080D00000000000000000001               07101997000000000000000341029254                         090000552186970001104900000000000000097862009177552186970001300000000000000000002220000000000                 
1040001300054U 0600000000000000000000000000049000000000000000000000000000049000000000000244900000000000146900000000000000000000000000000016042010220420101900        000000000000000CIP COMPENSACAO               930                           
1040001300055T 0600249600300000286080D00000000000000000001               30042010000000000000000341004286                         090000557606070001104934588000000000097862009177557606070001300000000000000000002220000000000                 
1040001300056U 0600000000000000000000000000510300000000000000000000000000510300000000002551300000000001530700000000000000000000000000000016042010220420101900        000000000000000CIP COMPENSACAO               930                           
1040001300057T 0600249600300000286080D00000000000000000001               30042010000000000000000341071307                         090000558044050001104984588000000000097862009177558044050001300000000000000000002220000000000                 
1040001300058U 0600000000000000000000000000291400000000000000000000000000291400000000001457200000000000874400000000000000000000000000000016042010220420101900        000000000000000CIP COMPENSACAO               930                           
1040001300059T 0600249600300000286080D00000000000000000001               30042010000000000000000237000981                         090000559423870001104964588000000000097862009177559423870001300000000000000000002220000000000                 
1040001300060U 0600000000000000000000000000228800000000000000000000000000228800000000001144100000000000686500000000000000000000000000000016042010220420101900        000000000000000CIP COMPENSACAO               930                           
1040001300061T 0600249600300000286080D00000000000000000001               30042010000000000000000356009415                         090000572858500001104904588000000000097862009177572858500001300000000000000000002220000000000                 
1040001300062U 0600000000000000000000000000044900000000000000000000000000044900000000000224500000000000134700000000000000000000000000000016042010220420101900        000000000000000CIP COMPENSACAO               930                           
1040001300063T 0600249600300000286080D00000000000000000001               30042010000000000000000341010006                         090000577439400001104944588000000000097862009177577439400001300000000000000000002220000000000                 
1040001300064U 0600000000000000000000000000315600000000000000000000000000315600000000001578000000000000946800000000000000000000000000000016042010220420101900        000000000000000CIP COMPENSACAO               930                           
1040001300065T 0600249600300000286080D00000000000000000001               30042010000000000000000341002852                         090000577522710001104944588000000000097862009177577522710001300000000000000000002220000000000                 
1040001300066U 0600000000000000000000000000372600000000000000000000000000372600000000001862800000000001117600000000000000000000000000000016042010220420101900        000000000000000CIP COMPENSACAO               930                           
1040001300067T 0600249600300000286080D00000000000000000001               30042010000000000000000341007374                         090000581088790001104994588000000000097862009177581088790001300000000000000000002220000000000                 
1040001300068U 0600000000000000000000000000331800000000000000000000000000331800000000001659000000000000995400000000000000000000000000000016042010220420101900        000000000000000CIP COMPENSACAO               930                           
1040001300069T 0600249600300000286080D00000000000000000001               30042010000000000000000341002852                         090000622780490001104944588000000000097862009177622780490001300000000000000000002220000000000                 
1040001300070U 0600000000000000000000000000760500000000000000000000000000760500000000003802400000000002281400000000000000000000000000000016042010220420101900        000000000000000CIP COMPENSACAO               930                           
1040001300071T 0600249600300000286080D00000000000000000001               30042010000000000007310341000728                         090000624610900001104934588000000731097862008177624610900001110000000000000000002220000000000                 
1040001300072U 0600000000000000000000000000146200000000000000000000000000146200000000000731000000000000438600000000000000000000000000000016042010220420101900        000000000000000CIP COMPENSACAO               811                           
1040001300073T 0600249600300000286080D00000000000000000001               30042010000000000000000237014800                         090000660579100001104954588000000000097862009177660579100001300000000000000000002220000000000                 
1040001300074U 0600000000000000000000000000704600000000000000000000000000704600000000003523200000000002114000000000000000000000000000000016042010220420101900        000000000000000CIP COMPENSACAO               930                           
1040001300075T 0600249600300000286080D00000000000000000001               30042010000000000000000341003603                         090000660586290001104944588000000000097862009177660586290001300000000000000000002220000000000                 
1040001300076U 0600000000000000000000000000317400000000000000000000000000317400000000001586800000000000952000000000000000000000000000000016042010220420101900        000000000000000CIP COMPENSACAO               930                           
1040001300077T 0600249600300000286080D00000000000000000001               30042010000000000000000341002852                         090000668629620001104934588000000000097862009177668629620001300000000000000000002220000000000                 
1040001300078U 0600000000000000000000000000407400000000000000000000000000407400000000002036800000000001222000000000000000000000000000000016042010220420101900        000000000000000CIP COMPENSACAO               930                           
1040001300079T 0600249600300000286080D00000000000000000001               30042010000000000000000341002852                         090000717152880001104914588000000000097862009177717152880001300000000000000000002220000000000                 
1040001300080U 0600000000000000000000000000146400000000000000000000000000146400000000000732000000000000439200000000000000000000000000000016042010220420101900        000000000000000CIP COMPENSACAO               930                           
1040001300081T 0600249600300000286080D00000000000000000001               30042010000000000000000104031933                         090000001234600001104914588000000000097862009177001234600001300000000000000000000430000000000                 
1040001300082U 06000000000000000000000000004002000000000000000000000000004002000000000020009000000000012005000000000000000000000000000000190420102204201012I0        000000000000000INTERNET                      930                           
1040001300083T 0600249600300000286080D00000000000000000001               30042010000000000000000104012173                         090000011831310001104974588000000000097862009177011831310001300000000000000000002180000000000                 
1040001300084U 0600000000000000000000000000094800000000000000000000000000094800000000000473900000000000284300000000000000000000000000000019042010220420101100        000000000000000AUTOMACAO                     930                           
1040001300085T 0600249600300000286080D00000000000000000001               30042010000000000000000104013722                         090000055378430001104994588000000000097862009177055378430001300000000000000000002180000000000                 
1040001300086U 0600000000000000000000000000034000000000000000000000000000034000000000000170000000000000102000000000000000000000000000000019042010220420101100        000000000000000AUTOMACAO                     930                           
1040001300087T 0600249600300000286080D00000000000000000001               30042010000000000000000104012173                         090000059061890001104914588000000000097862009177059061890001300000000000000000002180000000000                 
1040001300088U 0600000000000000000000000000244100000000000000000000000000244100000000001220500000000000732300000000000000000000000000000019042010220420101100        000000000000000AUTOMACAO                     930                           
1040001300089T 0600249600300000286080D00000000000000000001               30042010000000000000000104003620                         090000077199380001104914588000000000097862009177077199380001300000000000000000002180000000000                 
1040001300090U 0600000000000000000000000000062000000000000000000000000000062000000000000310000000000000186000000000000000000000000000000019042010220420101100        000000000000000AUTOMACAO                     930                           
1040001300091T 0600249600300000286080D00000000000000000001               30042010000000000023316104013609                         090000086638280001104914588000002331697862008177086638280001110000000000000000002180000000000                 
1040001300092U 0600000000000000000000000000466300000000000000000000000000466300000000002331600000000001399000000000000000000000000000000019042010220420101100        000000000000000AUTOMACAO                     811                           
1040001300093T 0600249600300000286080D00000000000000000001               30042010000000000000000104002356                         090000540630600001104954588000000000097862009177540630600001300000000000000000000430000000000                 
1040001300094U 06000000000000000000000000003632000000000000000000000000003632000000000018162000000000010898000000000000000000000000000000190420102204201012I0        000000000000000INTERNET                      930                           
1040001300095T 0600249600300000286080D00000000000000000001               30042010000000000000000104002356                         090000552331000001104994588000000000097862009177552331000001300000000000000000000430000000000                 
1040001300096U 06000000000000000000000000004700000000000000000000000000004700000000000023501000000000014101000000000000000000000000000000190420102204201012I0        000000000000000INTERNET                      930                           
1040001300097T 0600249600300000286080D00000000000000000001               30042010000000000000000104002356                         090000556146630001104954588000000000097862009177556146630001300000000000000000000430000000000                 
1040001300098U 06000000000000000000000000017394000000000000000000000000017394000000000086968000000000052180000000000000000000000000000000190420102204201012I0        000000000000000INTERNET                      930                           
1040001300099T 0600249600300000286080D00000000000000000001               30042010000000000000000104002356                         090000613820650001104914588000000000097862009177613820650001300000000000000000000430000000000                 
1040001300100U 06000000000000000000000000004279000000000000000000000000004279000000000021397000000000012839000000000000000000000000000000190420102204201012I0        000000000000000INTERNET                      930                           
1040001300101T 0600249600300000286080D00000000000000000001               30042010000000000000000104002623                         090000624563140001104934588000000000097862009177624563140001300000000000000000002180000000000                 
1040001300102U 0600000000000000000000000000037500000000000000000000000000037500000000000187300000000000112300000000000000000000000000000019042010220420101100        000000000000000AUTOMACAO                     930                           
1040001300103T 0600249600300000286080D00000000000000000001               30042010000000000000000104016012                         090000654726560001104984588000000000097862009177654726560001300000000000000000002180000000000                 
1040001300104U 0600000000000000000000000001783100000000000000000000000001783100000000008915600000000005349400000000000000000000000000000019042010220420101100        000000000000000AUTOMACAO                     930                           
1040001300105T 0600249600300000286080D00000000000000000001               30042010000000000000000104002356                         090000962949130001104994588000000000097862009177962949130001300000000000000000000430000000000                 
1040001300106U 06000000000000000000000000002628000000000000000000000000002628000000000013141000000000007885000000000000000000000000000000190420102204201012I0        000000000000000INTERNET                      930                           
10400015         00010600000000000000000000000000000000000000000000000000000000000000000000000000000000000000514220                           00000000000000000000000000000                                                                     
10499999         000001000110000000000              00000 000000000000                                                                        00000000000000000000000000000                                                                     
