10400000         243070481000114186200              00249600300000286080SINEMPEDIFPORTCAB MUN SP      CAIXA ECONOMICA FEDERAL                 22804201004250900125606000000                                                                     
10400011T01  030 2043070481000114186200              00249600300000286080SINEMPEDIFPORTCAB MUN SP      200501                                  000000                                  000000002804201000000000                                 
1040001300001T 0600249600300000286080D00000000000000000001               30042010000000000000000341001805                         090000000002874828104944588000000000097862009177000002874828300000000000000000002220000000000                 
1040001300002U 0600000000000000000000000000134000000000000000000000000000134000000000000669800000000000401800000000000000000000000000000023042010280420101900        000000000000000CIP COMPENSACAO               930                           
1040001300003T 0600249600300000286080D00000000000000000001               30042010000000000002639341003506                         090000000568511891104924588000000263997862008177000568511891110000000000000000002220000000000                 
1040001300004U 0600000000000000000000000000052800000000000000000000000000052800000000000263900000000000158300000000000000000000000000000023042010280420101900        000000000000000CIP COMPENSACAO               811                           
1040001300005T 0600249600300000286080D00000000000000000001               30042010000000000002894341003506                         090000000570010810104944588000000289497862008177000570010810110000000000000000002220000000000                 
1040001300006U 0600000000000000000000000000057900000000000000000000000000057900000000000289400000000000173600000000000000000000000000000023042010280420101900        000000000000000CIP COMPENSACAO               811                           
1040001300007T 0600249600300000286080D00000000000000000001               30042010000000000000000341029220                         090000001685280001104964588000000000097862009177001685280001300000000000000000002220000000000                 
1040001300008U 0600000000000000000000000000036700000000000000000000000000036700000000000183600000000000110200000000000000000000000000000023042010280420101900        000000000000000CIP COMPENSACAO               930                           
1040001300009T 0600249600300000286080D00000000000000000001               30042010000000000000000341002852                         090000001694260001104914588000000000097862009177001694260001300000000000000000002220000000000                 
1040001300010U 0600000000000000000000000000064700000000000000000000000000064700000000000323600000000000194200000000000000000000000000000023042010280420101900        000000000000000CIP COMPENSACAO               930                           
1040001300011T 0600249600300000286080D00000000000000000001               30042010000000000000000341037567                         090000002190113180104984588000000000097862009177002190113180300000000000000000002220000000000                 
1040001300012U 0600000000000000000000000000095900000000000000000000000000095900000000000479600000000000287800000000000000000000000000000023042010280420101900        000000000000000CIP COMPENSACAO               930                           
1040001300013T 0600249600300000286080D00000000000000000001               30042010000000000000000356017744                         090000002190214467104904588000000000097862009177002190214467300000000000000000002220000000000                 
1040001300014U 0600000000000000000000000000142900000000000000000000000000142900000000000714300000000000428500000000000000000000000000000023042010280420101900        000000000000000CIP COMPENSACAO               930                           
1040001300015T 0600249600300000286080D00000000000000000001               30042010000000000000000341063274                         090000002190911258104944588000000000097862009177002190911258300000000000000000002220000000000                 
1040001300016U 0600000000000000000000000000129200000000000000000000000000129200000000000646000000000000387600000000000000000000000000000023042010280420101900        000000000000000CIP COMPENSACAO               930                           
1040001300017T 0600249600300000286080D00000000000000000001               30042010000000000003132341003506                         090000002569400882104914588000000313297862008177002569400882110000000000000000002220000000000                 
1040001300018U 0600000000000000000000000000062600000000000000000000000000062600000000000313200000000000188000000000000000000000000000000023042010280420101900        000000000000000CIP COMPENSACAO               811                           
1040001300019T 0600249600300000286080D00000000000000000001               30042010000000000002163341003506                         090000002569400882104924588000000216397862008177002569400882110000000000000000002220000000000                 
1040001300020U 0600000000000000000000000000043300000000000000000000000000043300000000000216300000000000129700000000000000000000000000000023042010280420101900        000000000000000CIP COMPENSACAO               811                           
1040001300021T 0600249600300000286080D00000000000000000001               30042010000000000000000237000930                         090000003568610001104994588000000000097862009177003568610001300000000000000000002220000000000                 
1040001300022U 0600000000000000000000000000044900000000000000000000000000044900000000000224500000000000134700000000000000000000000000000023042010280420101900        000000000000000CIP COMPENSACAO               930                           
1040001300023T 0600249600300000286080D00000000000000000001               30042010000000000002245341003506                         090000004551540820104954588000000224597862008177004551540820110000000000000000002220000000000                 
1040001300024U 0600000000000000000000000000044900000000000000000000000000044900000000000224500000000000134700000000000000000000000000000023042010280420101900        000000000000000CIP COMPENSACAO               811                           
1040001300025T 0600249600300000286080D00000000000000000001               30042010000000000000000341002852                         090000006506600001104924588000000000097862009177006506600001300000000000000000002220000000000                 
1040001300026U 0600000000000000000000000000594800000000000000000000000000594800000000002973800000000001784200000000000000000000000000000023042010280420101900        000000000000000CIP COMPENSACAO               930                           
1040001300027T 0600249600300000286080D00000000000000000001               30042010000000000002245341003506                         090000006658905835104914588000000224597862008177006658905835110000000000000000002220000000000                 
1040001300028U 0600000000000000000000000000044900000000000000000000000000044900000000000224500000000000134700000000000000000000000000000023042010280420101900        000000000000000CIP COMPENSACAO               811                           
1040001300029T 0600249600300000286080D00000000000000000001               30042010000000000002245341003506                         090000006981135868104944588000000224597862008177006981135868110000000000000000002220000000000                 
1040001300030U 0600000000000000000000000000044900000000000000000000000000044900000000000224500000000000134700000000000000000000000000000023042010280420101900        000000000000000CIP COMPENSACAO               811                           
1040001300031T 0600249600300000286080D00000000000000000001               30042010000000000000000237033340                         090000008529350001104914588000000000097862009177008529350001300000000000000000002220000000000                 
1040001300032U 0600000000000000000000000000301900000000000000000000000000301900000000001509400000000000905600000000000000000000000000000023042010280420101900        000000000000000CIP COMPENSACAO               930                           
1040001300033T 0600249600300000286080D00000000000000000001               30042010000000000000000237024775                         090000008590520001104934588000000000097862009177008590520001300000000000000000002220000000000                 
1040001300034U 0600000000000000000000000000328000000000000000000000000000328000000000001639800000000000983800000000000000000000000000000023042010280420101900        000000000000000CIP COMPENSACAO               930                           
1040001300035T 0600249600300000286080D00000000000000000001               30042010000000000000770341003506                         090000008636980001104984588000000077097862008177008636980001110000000000000000002220000000000                 
1040001300036U 0600000000000000000000000000015400000000000000000000000000015400000000000077000000000000046200000000000000000000000000000023042010280420101900        000000000000000CIP COMPENSACAO               811                           
1040001300037T 0600249600300000286080D00000000000000000001               30042010000000000004694341016667                         090000011419612883104914588000000469497862008177011419612883110000000000000000002220000000000                 
1040001300038U 0600000000000000000000000000093900000000000000000000000000093900000000000469400000000000281600000000000000000000000000000023042010280420101900        000000000000000CIP COMPENSACAO               811                           
1040001300039T 0600249600300000286080D00000000000000000001               30042010000000000011735341007862                         090000011421670001104944588000001173597862008177011421670001110000000000000000002220000000000                 
1040001300040U 0600000000000000000000000000234700000000000000000000000000234700000000001173500000000000704100000000000000000000000000000023042010280420101900        000000000000000CIP COMPENSACAO               811                           
1040001300041T 0600249600300000286080D00000000000000000001               30042010000000000000000341006602                         090000015287940001104954588000000000097862009177015287940001300000000000000000002220000000000                 
1040001300042U 0600000000000000000000000000049000000000000000000000000000049000000000000244900000000000146900000000000000000000000000000023042010280420101900        000000000000000CIP COMPENSACAO               930                           
1040001300043T 0600249600300000286080D00000000000000000001               30042010000000000001805341003506                         090000017665650001104994588000000180597862008177017665650001110000000000000000002220000000000                 
1040001300044U 0600000000000000000000000000036100000000000000000000000000036100000000000180500000000000108300000000000000000000000000000023042010280420101900        000000000000000CIP COMPENSACAO               811                           
1040001300045T 0600249600300000286080D00000000000000000001               30042010000000000000000341002852                         090000020458910001104934588000000000097862009177020458910001300000000000000000002220000000000                 
1040001300046U 0600000000000000000000000000814000000000000000000000000000814000000000004070200000000002442200000000000000000000000000000023042010280420101900        000000000000000CIP COMPENSACAO               930                           
1040001300047T 0600249600300000286080D00000000000000000001               30042010000000000000000341002852                         090000020806500001104964588000000000097862009177020806500001300000000000000000002220000000000                 
1040001300048U 0600000000000000000000000000080000000000000000000000000000080000000000000400000000000000240000000000000000000000000000000023042010280420101900        000000000000000CIP COMPENSACAO               930                           
1040001300049T 0600249600300000286080D00000000000000000001               30042010000000000000000237002003                         090000022617770001104924588000000000097862009177022617770001300000000000000000002220000000000                 
1040001300050U 0600000000000000000000000000053900000000000000000000000000053900000000000269400000000000161600000000000000000000000000000023042010280420101900        000000000000000CIP COMPENSACAO               930                           
1040001300051T 0600249600300000286080D00000000000000000001               30042010000000000000000341002852                         090000026613800001104944588000000000097862009177026613800001300000000000000000002220000000000                 
1040001300052U 0600000000000000000000000000106000000000000000000000000000106000000000000530000000000000318000000000000000000000000000000023042010280420101900        000000000000000CIP COMPENSACAO               930                           
1040001300053T 0600249600300000286080D00000000000000000001               30042010000000000000000341002852                         090000030286400001104994588000000000097862009177030286400001300000000000000000002220000000000                 
1040001300054U 0600000000000000000000000000139100000000000000000000000000139100000000000695600000000000417400000000000000000000000000000023042010280420101900        000000000000000CIP COMPENSACAO               930                           
1040001300055T 0600249600300000286080D00000000000000000001               30042010000000000000000341002852                         090000030490600001104934588000000000097862009177030490600001300000000000000000002220000000000                 
1040001300056U 0600000000000000000000000000103100000000000000000000000000103100000000000515600000000000309400000000000000000000000000000023042010280420101900        000000000000000CIP COMPENSACAO               930                           
1040001300057T 0600249600300000286080D00000000000000000001               30042010000000000002450341003506                         090000031948720001104964588000000245097862008177031948720001110000000000000000002220000000000                 
1040001300058U 0600000000000000000000000000049000000000000000000000000000049000000000000245000000000000147000000000000000000000000000000023042010280420101900        000000000000000CIP COMPENSACAO               811                           
1040001300059T 0600249600300000286080D00000000000000000001               30042010000000000000000341002852                         090000034274610001104934588000000000097862009177034274610001300000000000000000002220000000000                 
1040001300060U 0600000000000000000000000000055200000000000000000000000000055200000000000276000000000000165600000000000000000000000000000023042010280420101900        000000000000000CIP COMPENSACAO               930                           
1040001300061T 0600249600300000286080D00000000000000000001               30042010000000000000000341002852                         090000034704780001104954588000000000097862009177034704780001300000000000000000002220000000000                 
1040001300062U 0600000000000000000000000000433700000000000000000000000000433700000000002168600000000001301200000000000000000000000000000023042010280420101900        000000000000000CIP COMPENSACAO               930                           
1040001300063T 0600249600300000286080D00000000000000000001               30042010000000000000000341002852                         090000036321580001104974588000000000097862009177036321580001300000000000000000002220000000000                 
1040001300064U 0600000000000000000000000000087800000000000000000000000000087800000000000439000000000000263400000000000000000000000000000023042010280420101900        000000000000000CIP COMPENSACAO               930                           
1040001300065T 0600249600300000286080D00000000000000000001               30042010000000000000000237001147                         090000037422250001104934588000000000097862009177037422250001300000000000000000002220000000000                 
1040001300066U 0600000000000000000000000000400700000000000000000000000000400700000000002003700000000001202300000000000000000000000000000023042010280420101900        000000000000000CIP COMPENSACAO               930                           
1040001300067T 0600249600300000286080D00000000000000000001               30042010000000000000000341007544                         090000038032590001104974588000000000097862009177038032590001300000000000000000002220000000000                 
1040001300068U 0600000000000000000000000000642700000000000000000000000000642700000000003213400000000001928000000000000000000000000000000023042010280420101900        000000000000000CIP COMPENSACAO               930                           
1040001300069T 0600249600300000286080D00000000000000000001               30042010000000000000000341002852                         090000040734680001104984588000000000097862009177040734680001300000000000000000002220000000000                 
1040001300070U 0600000000000000000000000000078300000000000000000000000000078300000000000391600000000000235000000000000000000000000000000023042010280420101900        000000000000000CIP COMPENSACAO               930                           
1040001300071T 0600249600300000286080D00000000000000000001               30042010000000000000000341002852                         090000041130240001104944588000000000097862009177041130240001300000000000000000002220000000000                 
1040001300072U 0600000000000000000000000000508000000000000000000000000000508000000000002540000000000001524000000000000000000000000000000023042010280420101900        000000000000000CIP COMPENSACAO               930                           
1040001300073T 0600249600300000286080D00000000000000000001               30042010000000000000000237001147                         090000044296750001104914588000000000097862009177044296750001300000000000000000002220000000000                 
1040001300074U 0600000000000000000000000000472600000000000000000000000000472600000000002362900000000001417700000000000000000000000000000023042010280420101900        000000000000000CIP COMPENSACAO               930                           
1040001300075T 0600249600300000286080D00000000000000000001               30042010000000000000000341029238                         090000045333900001104954588000000000097862009177045333900001300000000000000000002220000000000                 
1040001300076U 0600000000000000000000000000066700000000000000000000000000066700000000000333300000000000199900000000000000000000000000000023042010280420101900        000000000000000CIP COMPENSACAO               930                           
1040001300077T 0600249600300000286080D00000000000000000001               30042010000000000000000341002852                         090000050997780001104954588000000000097862009177050997780001300000000000000000002220000000000                 
1040001300078U 0600000000000000000000000000096000000000000000000000000000096000000000000480000000000000288000000000000000000000000000000023042010280420101900        000000000000000CIP COMPENSACAO               930                           
1040001300079T 0600249600300000286080D00000000000000000001               30042010000000000000000341002852                         090000055154070001104924588000000000097862009177055154070001300000000000000000002220000000000                 
1040001300080U 0600000000000000000000000000371800000000000000000000000000371800000000001859000000000001115400000000000000000000000000000023042010280420101900        000000000000000CIP COMPENSACAO               930                           
1040001300081T 0600249600300000286080D00000000000000000001               30042010000000000000000341002852                         090000055342230001104944588000000000097862009177055342230001300000000000000000002220000000000                 
1040001300082U 0600000000000000000000000000066700000000000000000000000000066700000000000333300000000000199900000000000000000000000000000023042010280420101900        000000000000000CIP COMPENSACAO               930                           
1040001300083T 0600249600300000286080D00000000000000000001               30042010000000000000000341002852                         090000056609200001104994588000000000097862009177056609200001300000000000000000002220000000000                 
1040001300084U 0600000000000000000000000000147000000000000000000000000000147000000000000735000000000000441000000000000000000000000000000023042010280420101900        000000000000000CIP COMPENSACAO               930                           
1040001300085T 0600249600300000286080D00000000000000000001               30042010000000000000000341016101                         090000056863680001104954588000000000097862009177056863680001300000000000000000002220000000000                 
1040001300086U 0600000000000000000000000000123200000000000000000000000000123200000000000615800000000000369400000000000000000000000000000023042010280420101900        000000000000000CIP COMPENSACAO               930                           
1040001300087T 0600249600300000286080D00000000000000000001               30042010000000000000000341002852                         090000058782630001104924588000000000097862009177058782630001300000000000000000002220000000000                 
1040001300088U 0600000000000000000000000000453200000000000000000000000000453200000000002266200000000001359800000000000000000000000000000023042010280420101900        000000000000000CIP COMPENSACAO               930                           
1040001300089T 0600249600300000286080D00000000000000000001               30042010000000000000000341002623                         090000060992290026104954588000000000097862009177060992290026300000000000000000002220000000000                 
1040001300090U 0600000000000000000000000000342700000000000000000000000000342700000000001713500000000001028100000000000000000000000000000023042010280420101900        000000000000000CIP COMPENSACAO               930                           
1040001300091T 0600249600300000286080D00000000000000000001               30042010000000000012180341002623                         090000060992290030104934588000001218097862008177060992290030530000000000000000002220000000000                 
1040001300092U 0600000000000000000000000000243600000000000000000000000000243600000000001218000000000000730800000000000000000000000000000023042010280420101900        000000000000000CIP COMPENSACAO               853                           
1040001300093T 0600249600300000286080D00000000000000000001               30042010000000000024632341002623                         090000060992290031104924588000002463297862008177060992290031530000000000000000002220000000000                 
1040001300094U 0600000000000000000000000000492600000000000000000000000000492600000000002463200000000001478000000000000000000000000000000023042010280420101900        000000000000000CIP COMPENSACAO               853                           
1040001300095T 0600249600300000286080D00000000000000000001               30042010000000000000000341002623                         090000060992290033104914588000000000097862009177060992290033300000000000000000002220000000000                 
1040001300096U 0600000000000000000000000000147900000000000000000000000000147900000000000739500000000000443700000000000000000000000000000023042010280420101900        000000000000000CIP COMPENSACAO               930                           
1040001300097T 0600249600300000286080D00000000000000000001               30042010000000000000000341002623                         090000060992290036104914588000000000097862009177060992290036300000000000000000002220000000000                 
1040001300098U 0600000000000000000000000001097400000000000000000000000001097400000000005487200000000003292400000000000000000000000000000023042010280420101900        000000000000000CIP COMPENSACAO               930                           
1040001300099T 0600249600300000286080D00000000000000000001               30042010000000000000000341002623                         090000060992290039104914588000000000097862009177060992290039300000000000000000002220000000000                 
1040001300100U 0600000000000000000000000000920700000000000000000000000000920700000000004603700000000002762300000000000000000000000000000023042010280420101900        000000000000000CIP COMPENSACAO               930                           
1040001300101T 0600249600300000286080D00000000000000000001               30042010000000000000000341002623                         090000060992290043104974588000000000097862009177060992290043300000000000000000002220000000000                 
1040001300102U 0600000000000000000000000000132200000000000000000000000000132200000000000661000000000000396600000000000000000000000000000023042010280420101900        000000000000000CIP COMPENSACAO               930                           
1040001300103T 0600249600300000286080D00000000000000000001               30042010000000000000000341002623                         090000060992290045104914588000000000097862009177060992290045300000000000000000002220000000000                 
1040001300104U 0600000000000000000000000000732900000000000000000000000000732900000000003664700000000002198900000000000000000000000000000023042010280420101900        000000000000000CIP COMPENSACAO               930                           
1040001300105T 0600249600300000286080D00000000000000000001               30042010000000000000000341002623                         090000060992290046104964588000000000097862009177060992290046300000000000000000002220000000000                 
1040001300106U 0600000000000000000000000000097200000000000000000000000000097200000000000486100000000000291700000000000000000000000000000023042010280420101900        000000000000000CIP COMPENSACAO               930                           
1040001300107T 0600249600300000286080D00000000000000000001               30042010000000000000000341002623                         090000060992990102104964588000000000097862009177060992990102300000000000000000002220000000000                 
1040001300108U 0600000000000000000000000000587500000000000000000000000000587500000000002937600000000001762600000000000000000000000000000023042010280420101900        000000000000000CIP COMPENSACAO               930                           
1040001300109T 0600249600300000286080D00000000000000000001               30042010000000000000000341002852                         090000072354030001104974588000000000097862009177072354030001300000000000000000002220000000000                 
1040001300110U 0600000000000000000000000000567200000000000000000000000000567200000000002836000000000001701600000000000000000000000000000023042010280420101900        000000000000000CIP COMPENSACAO               930                           
1040001300111T 0600249600300000286080D00000000000000000001               30042010000000000000000341002852                         090000077107500001104914588000000000097862009177077107500001300000000000000000002220000000000                 
1040001300112U 0600000000000000000000000000070700000000000000000000000000070700000000000353300000000000211900000000000000000000000000000023042010280420101900        000000000000000CIP COMPENSACAO               930                           
1040001300113T 0600249600300000286080D00000000000000000001               30042010000000000003283356012653                         090000079495840001104904588000000328397862006177079495840001810000000000000000002220000000000                 
1040001300114U 0600000000000000000000000000065700000000000000000000000000065700000000000328300000000000196900000000000000000000000000000023042010280420101900        000000000000000CIP COMPENSACAO               681                           
1040001300115T 0600249600300000286080D00000000000000000001               30042010000000000000000001003840                         090000082664240001104944588000000000097862009177082664240001300000000000000000002220000000000                 
1040001300116U 0600000000000000000000000000073000000000000000000000000000073000000000000365000000000000219000000000000000000000000000000023042010280420101900        000000000000000CIP COMPENSACAO               930                           
1040001300117T 0600249600300000286080D00000000000000000001               30042010000000000000000341030953                         090000083114400001104944588000000000097862009177083114400001300000000000000000002220000000000                 
1040001300118U 0600000000000000000000000000046900000000000000000000000000046900000000000234700000000000140900000000000000000000000000000023042010280420101900        000000000000000CIP COMPENSACAO               930                           
1040001300119T 0600249600300000286080D00000000000000000001               30042010000000000000000341002852                         090000083852000001104944588000000000097862009177083852000001300000000000000000002220000000000                 
1040001300120U 0600000000000000000000000000069900000000000000000000000000069900000000000349300000000000209500000000000000000000000000000023042010280420101900        000000000000000CIP COMPENSACAO               930                           
1040001300121T 0600249600300000286080D00000000000000000001               30042010000000000000000341002852                         090000085069860001104914588000000000097862009177085069860001300000000000000000002220000000000                 
1040001300122U 0600000000000000000000000000063900000000000000000000000000063900000000000319300000000000191500000000000000000000000000000023042010280420101900        000000000000000CIP COMPENSACAO               930                           
1040001300123T 0600249600300000286080D00000000000000000001               30042010000000000000000341002852                         090000087299940001104914588000000000097862009177087299940001300000000000000000002220000000000                 
1040001300124U 0600000000000000000000000000277800000000000000000000000000277800000000001389200000000000833600000000000000000000000000000023042010280420101900        000000000000000CIP COMPENSACAO               930                           
1040001300125T 0600249600300000286080D00000000000000000001               30042010000000000000000341087211                         090000089846040001104934588000000000097862009177089846040001300000000000000000002220000000000                 
1040001300126U 0600000000000000000000000000066700000000000000000000000000066700000000000333300000000000199900000000000000000000000000000023042010280420101900        000000000000000CIP COMPENSACAO               930                           
1040001300127T 0600249600300000286080D00000000000000000001               30042010000000000004621341002852                         090000096425320001104914588000000462197862008177096425320001110000000000000000002220000000000                 
1040001300128U 0600000000000000000000000000092400000000000000000000000000092400000000000462100000000000277300000000000000000000000000000023042010280420101900        000000000000000CIP COMPENSACAO               811                           
1040001300129T 0600249600300000286080D00000000000000000001               30042010000000000000000341002852                         090000101577800001104914588000000000097862009177101577800001300000000000000000002220000000000                 
1040001300130U 0600000000000000000000000000314600000000000000000000000000314600000000001573000000000000943800000000000000000000000000000023042010280420101900        000000000000000CIP COMPENSACAO               930                           
1040001300131T 0600249600300000286080D00000000000000000001               30042010000000000000000341002852                         090000105026900001104994588000000000097862009177105026900001300000000000000000002220000000000                 
1040001300132U 0600000000000000000000000000058900000000000000000000000000058900000000000294600000000000176800000000000000000000000000000023042010280420101900        000000000000000CIP COMPENSACAO               930                           
1040001300133T 0600249600300000286080D00000000000000000001               30042010000000000000000356003727                         090000538180270001104904588000000000097862009177538180270001300000000000000000002220000000000                 
1040001300134U 0600000000000000000000000003266300000000000000000000000003266300000000016331500000000009798900000000000000000000000000000023042010280420101900        000000000000000CIP COMPENSACAO               930                           
1040001300135T 0600249600300000286080D00000000000000000001               30042010000000000000000341000612                         090000538267150001104924588000000000097862009177538267150001300000000000000000002220000000000                 
1040001300136U 0600000000000000000000000000258500000000000000000000000000258500000000001292500000000000775500000000000000000000000000000023042010280420101900        000000000000000CIP COMPENSACAO               930                           
1040001300137T 0600249600300000286080D00000000000000000001               30042010000000000000000237001147                         090000538291230001104914588000000000097862009177538291230001300000000000000000002220000000000                 
1040001300138U 0600000000000000000000000000238100000000000000000000000000238100000000001190600000000000714400000000000000000000000000000023042010280420101900        000000000000000CIP COMPENSACAO               930                           
1040001300139T 0600249600300000286080D00000000000000000001               07101997000000000000000341001864                         090000538330750001104900000000000000097862009177538330750001300000000000000000002220000000000                 
1040001300140U 0600000000000000000000000000323900000000000000000000000000323900000000001619600000000000971800000000000000000000000000000023042010280420101900        000000000000000CIP COMPENSACAO               930                           
1040001300141T 0600249600300000286080D00000000000000000001               30042010000000000000000237001147                         090000538367140001104964588000000000097862009177538367140001300000000000000000002220000000000                 
1040001300142U 0600000000000000000000000000228700000000000000000000000000228700000000001143300000000000685900000000000000000000000000000023042010280420101900        000000000000000CIP COMPENSACAO               930                           
1040001300143T 0600249600300000286080D00000000000000000001               30042010000000000000000341043001                         090000539994390001104944588000000000097862009177539994390001300000000000000000002220000000000                 
1040001300144U 0600000000000000000000000000096100000000000000000000000000096100000000000480300000000000288100000000000000000000000000000023042010280420101900        000000000000000CIP COMPENSACAO               930                           
1040001300145T 0600249600300000286080D00000000000000000001               30042010000000000000000341004405                         090000540583180001104924588000000000097862009177540583180001300000000000000000002220000000000                 
1040001300146U 0600000000000000000000000000146000000000000000000000000000146000000000000729900000000000437900000000000000000000000000000023042010280420101900        000000000000000CIP COMPENSACAO               930                           
1040001300147T 0600249600300000286080D00000000000000000001               30042010000000000000000237001147                         090000540614860001104934588000000000097862009177540614860001300000000000000000002220000000000                 
1040001300148U 0600000000000000000000000000515100000000000000000000000000515100000000002575400000000001545200000000000000000000000000000023042010280420101900        000000000000000CIP COMPENSACAO               930                           
1040001300149T 0600249600300000286080D00000000000000000001               30042010000000000000000341029254                         090000540659580001104934588000000000097862009177540659580001300000000000000000002220000000000                 
1040001300150U 0600000000000000000000000001068100000000000000000000000001068100000000005340500000000003204300000000000000000000000000000023042010280420101900        000000000000000CIP COMPENSACAO               930                           
1040001300151T 0600249600300000286080D00000000000000000001               30042010000000000000000151000965                         090000540677560001104964588000000000097862009177540677560001300000000000000000002220000000000                 
1040001300152U 0600000000000000000000000000291000000000000000000000000000291000000000001455000000000000873000000000000000000000000000000023042010280420101900        000000000000000CIP COMPENSACAO               930                           
1040001300153T 0600249600300000286080D00000000000000000001               30042010000000000000000341006602                         090000541993770001104994588000000000097862009177541993770001300000000000000000002220000000000                 
1040001300154U 0600000000000000000000000000060700000000000000000000000000060700000000000303600000000000182200000000000000000000000000000023042010280420101900        000000000000000CIP COMPENSACAO               930                           
1040001300155T 0600249600300000286080D00000000000000000001               30042010000000000000000237002003                         090000541994270001104984588000000000097862009177541994270001300000000000000000002220000000000                 
1040001300156U 0600000000000000000000000000532700000000000000000000000000532700000000002663500000000001598100000000000000000000000000000023042010280420101900        000000000000000CIP COMPENSACAO               930                           
1040001300157T 0600249600300000286080D00000000000000000001               07101997000000000000000341001929                         090000542004490001104900000000000000097862009177542004490001300000000000000000002220000000000                 
1040001300158U 0600000000000000000000000000265200000000000000000000000000265200000000001326200000000000795800000000000000000000000000000023042010280420101900        000000000000000CIP COMPENSACAO               930                           
1040001300159T 0600249600300000286080D00000000000000000001               30042010000000000000000033001082                         090000542011320001104914588000000000097862009177542011320001300000000000000000002220000000000                 
1040001300160U 0600000000000000000000000000054700000000000000000000000000054700000000000273300000000000163900000000000000000000000000000023042010280420101900        000000000000000CIP COMPENSACAO               930                           
1040001300161T 0600249600300000286080D00000000000000000001               30042010000000000000000341001902                         090000542095150001104974588000000000097862009177542095150001300000000000000000002220000000000                 
1040001300162U 0600000000000000000000000000186300000000000000000000000000186300000000000931600000000000559000000000000000000000000000000023042010280420101900        000000000000000CIP COMPENSACAO               930                           
1040001300163T 0600249600300000286080D00000000000000000001               30042010000000000000000341002852                         090000542234660001104914588000000000097862009177542234660001300000000000000000002220000000000                 
1040001300164U 0600000000000000000000000000077500000000000000000000000000077500000000000387600000000000232600000000000000000000000000000023042010280420101900        000000000000000CIP COMPENSACAO               930                           
1040001300165T 0600249600300000286080D00000000000000000001               30042010000000000000000341089486                         090000542237140001104914588000000000097862009177542237140001300000000000000000002220000000000                 
1040001300166U 0600000000000000000000000000049900000000000000000000000000049900000000000249500000000000149700000000000000000000000000000023042010280420101900        000000000000000CIP COMPENSACAO               930                           
1040001300167T 0600249600300000286080D00000000000000000001               30042010000000000000000001017442                         090000543251210001104944588000000000097862009177543251210001300000000000000000002220000000000                 
1040001300168U 0600000000000000000000000000058100000000000000000000000000058100000000000290500000000000174300000000000000000000000000000023042010280420101900        000000000000000CIP COMPENSACAO               930                           
1040001300169T 0600249600300000286080D00000000000000000001               30042010000000000000000237001147                         090000543252460001104914588000000000097862009177543252460001300000000000000000002220000000000                 
1040001300170U 0600000000000000000000000000212800000000000000000000000000212800000000001064000000000000638400000000000000000000000000000023042010280420101900        000000000000000CIP COMPENSACAO               930                           
1040001300171T 0600249600300000286080D00000000000000000001               30042010000000000000000409004626                         090000543642940001104914588000000000097862009177543642940001300000000000000000002220000000000                 
1040001300172U 0600000000000000000000000000464500000000000000000000000000464500000000002322500000000001393500000000000000000000000000000023042010280420101900        000000000000000CIP COMPENSACAO               930                           
1040001300173T 0600249600300000286080D00000000000000000001               30042010000000000090673237037907                         090000544880360001104954588000009067397862008177544880360001110000000000000000002220000000000                 
1040001300174U 0600000000000000000000000001813500000000000000000000000001813500000000009067300000000005440300000000000000000000000000000023042010280420101900        000000000000000CIP COMPENSACAO               811                           
1040001300175T 0600249600300000286080D00000000000000000001               31052010000000000006072341001929                         090000544898360001104914619000000607297862008177544898360001110000000000000000002220000000000                 
1040001300176U 0600000000000000000000000000121400000000000000000000000000121400000000000607200000000000364400000000000000000000000000000023042010280420101900        000000000000000CIP COMPENSACAO               811                           
1040001300177T 0600249600300000286080D00000000000000000001               30042010000000000000000341007870                         090000545713020001104934588000000000097862009177545713020001300000000000000000002220000000000                 
1040001300178U 0600000000000000000000000000419100000000000000000000000000419100000000002095600000000001257400000000000000000000000000000023042010280420101900        000000000000000CIP COMPENSACAO               930                           
1040001300179T 0600249600300000286080D00000000000000000001               30042010000000000016422409002003                         090000545760040001104974588000001642297862008177545760040001110000000000000000002220000000000                 
1040001300180U 0600000000000000000000000000328400000000000000000000000000328400000000001642200000000000985400000000000000000000000000000023042010280420101900        000000000000000CIP COMPENSACAO               811                           
1040001300181T 0600249600300000286080D00000000000000000001               30042010000000000008378341003506                         090000545779780001104974588000000837897862008177545779780001110000000000000000002220000000000                 
1040001300182U 0600000000000000000000000000167600000000000000000000000000167600000000000837800000000000502600000000000000000000000000000023042010280420101900        000000000000000CIP COMPENSACAO               811                           
1040001300183T 0600249600300000286080D00000000000000000001               07101997000000000000000341006440                         090000547541220001104900000000000000097862009177547541220001300000000000000000002220000000000                 
1040001300184U 0600000000000000000000000000215000000000000000000000000000215000000000001075000000000000645000000000000000000000000000000023042010280420101900        000000000000000CIP COMPENSACAO               930                           
1040001300185T 0600249600300000286080D00000000000000000001               30042010000000000000000341008443                         090000549336760001104924588000000000097862009177549336760001300000000000000000002220000000000                 
1040001300186U 0600000000000000000000000001082100000000000000000000000001082100000000005410400000000003246200000000000000000000000000000023042010280420101900        000000000000000CIP COMPENSACAO               930                           
1040001300187T 0600249600300000286080D00000000000000000001               30042010000000000000000341007757                         090000549632020001104954588000000000097862009177549632020001300000000000000000002220000000000                 
1040001300188U 0600000000000000000000000000198800000000000000000000000000198800000000000993900000000000596300000000000000000000000000000023042010280420101900        000000000000000CIP COMPENSACAO               930                           
1040001300189T 0600249600300000286080D00000000000000000001               30042010000000000000000341002852                         090000550646200001104994588000000000097862009177550646200001300000000000000000002220000000000                 
1040001300190U 0600000000000000000000000000093300000000000000000000000000093300000000000466300000000000279700000000000000000000000000000023042010280420101900        000000000000000CIP COMPENSACAO               930                           
1040001300191T 0600249600300000286080D00000000000000000001               30042010000000000001060341003506                         090000552172850001104914588000000106097862008177552172850001110000000000000000002220000000000                 
1040001300192U 0600000000000000000000000000021200000000000000000000000000021200000000000106000000000000063600000000000000000000000000000023042010280420101900        000000000000000CIP COMPENSACAO               811                           
1040001300193T 0600249600300000286080D00000000000000000001               30042010000000000000000237001147                         090000552270600001104944588000000000097862009177552270600001300000000000000000002220000000000                 
1040001300194U 0600000000000000000000000000216300000000000000000000000000216300000000001081300000000000648700000000000000000000000000000023042010280420101900        000000000000000CIP COMPENSACAO               930                           
1040001300195T 0600249600300000286080D00000000000000000001               30042010000000000000000341067482                         090000552348920001104954588000000000097862009177552348920001300000000000000000002220000000000                 
1040001300196U 0600000000000000000000000001044500000000000000000000000001044500000000005222700000000003133700000000000000000000000000000023042010280420101900        000000000000000CIP COMPENSACAO               930                           
1040001300197T 0600249600300000286080D00000000000000000001               30042010000000000000000341001384                         090000552356830001104974588000000000097862009177552356830001300000000000000000002220000000000                 
1040001300198U 0600000000000000000000000000536700000000000000000000000000536700000000002683300000000001609900000000000000000000000000000023042010280420101900        000000000000000CIP COMPENSACAO               930                           
1040001300199T 0600249600300000286080D00000000000000000001               30042010000000000000000341006440                         090000553619760001104934588000000000097862009177553619760001300000000000000000002220000000000                 
1040001300200U 0600000000000000000000000000049100000000000000000000000000049100000000000245300000000000147100000000000000000000000000000023042010280420101900        000000000000000CIP COMPENSACAO               930                           
1040001300201T 0600249600300000286080D00000000000000000001               30042010000000000019110409002003                         090000553630890001104974588000001911097862008177553630890001110000000000000000002220000000000                 
1040001300202U 0600000000000000000000000000382200000000000000000000000000382200000000001911000000000001146600000000000000000000000000000023042010280420101900        000000000000000CIP COMPENSACAO               811                           
1040001300203T 0600249600300000286080D00000000000000000001               30042010000000000000000356009709                         090000554009980001104904588000000000097862009177554009980001300000000000000000002220000000000                 
1040001300204U 0600000000000000000000000000325000000000000000000000000000325000000000001625000000000000975000000000000000000000000000000023042010280420101900        000000000000000CIP COMPENSACAO               930                           
1040001300205T 0600249600300000286080D00000000000000000001               30042010000000000000000341002852                         090000554017070001104944588000000000097862009177554017070001300000000000000000002220000000000                 
1040001300206U 0600000000000000000000000000382000000000000000000000000000382000000000001909900000000001145900000000000000000000000000000023042010280420101900        000000000000000CIP COMPENSACAO               930                           
1040001300207T 0600249600300000286080D00000000000000000001               30042010000000000000000341002852                         090000564680100001104934588000000000097862009177564680100001300000000000000000002220000000000                 
1040001300208U 0600000000000000000000000000423600000000000000000000000000423600000000002118000000000001270800000000000000000000000000000023042010280420101900        000000000000000CIP COMPENSACAO               930                           
1040001300209T 0600249600300000286080D00000000000000000001               30042010000000000000000237022810                         090000567660090001104984588000000000097862009177567660090001300000000000000000002220000000000                 
1040001300210U 0600000000000000000000000000400200000000000000000000000000400200000000002000800000000001200400000000000000000000000000000023042010280420101900        000000000000000CIP COMPENSACAO               930                           
1040001300211T 0600249600300000286080D00000000000000000001               30042010000000000011163409002003                         090000568160100001104994588000001116397862008177568160100001110000000000000000002220000000000                 
1040001300212U 0600000000000000000000000000223300000000000000000000000000223300000000001116300000000000669700000000000000000000000000000023042010280420101900        000000000000000CIP COMPENSACAO               811                           
1040001300213T 0600249600300000286080D00000000000000000001               30042010000000000000000237002003                         090000569928290001104984588000000000097862009177569928290001300000000000000000002220000000000                 
1040001300214U 0600000000000000000000000000368700000000000000000000000000368700000000001843400000000001106000000000000000000000000000000023042010280420101900        000000000000000CIP COMPENSACAO               930                           
1040001300215T 0600249600300000286080D00000000000000000001               30042010000000000000000341002852                         090000573962440001104914588000000000097862009177573962440001300000000000000000002220000000000                 
1040001300216U 0600000000000000000000000001003200000000000000000000000001003200000000005016100000000003009700000000000000000000000000000023042010280420101900        000000000000000CIP COMPENSACAO               930                           
1040001300217T 0600249600300000286080D00000000000000000001               30042010000000000000000341006440                         090000576528690001104984588000000000097862009177576528690001300000000000000000002220000000000                 
1040001300218U 0600000000000000000000000000435000000000000000000000000000435000000000002175000000000001305000000000000000000000000000000023042010280420101900        000000000000000CIP COMPENSACAO               930                           
1040001300219T 0600249600300000286080D00000000000000000001               30042010000000000000000341001775                         090000578055090001104934588000000000097862009177578055090001300000000000000000002220000000000                 
1040001300220U 0600000000000000000000000000261800000000000000000000000000261800000000001308800000000000785200000000000000000000000000000023042010280420101900        000000000000000CIP COMPENSACAO               930                           
1040001300221T 0600249600300000286080D00000000000000000001               30042010000000000000000341006440                         090000587233210001104964588000000000097862009177587233210001300000000000000000002220000000000                 
1040001300222U 0600000000000000000000000000233000000000000000000000000000233000000000001165000000000000699000000000000000000000000000000023042010280420101900        000000000000000CIP COMPENSACAO               930                           
1040001300223T 0600249600300000286080D00000000000000000001               30042010000000000000000356004103                         090000590874520001104904588000000000097862009177590874520001300000000000000000002220000000000                 
1040001300224U 0600000000000000000000000000423200000000000000000000000000423200000000002115900000000001269500000000000000000000000000000023042010280420101900        000000000000000CIP COMPENSACAO               930                           
1040001300225T 0600249600300000286080D00000000000000000001               30042010000000000000000341002852                         090000594817960001104974588000000000097862009177594817960001300000000000000000002220000000000                 
1040001300226U 0600000000000000000000000000341600000000000000000000000000341600000000001708000000000001024800000000000000000000000000000023042010280420101900        000000000000000CIP COMPENSACAO               930                           
1040001300227T 0600249600300000286080D00000000000000000001               30042010000000000000000341029254                         090000602593550001104954588000000000097862009177602593550001300000000000000000002220000000000                 
1040001300228U 0600000000000000000000000000273100000000000000000000000000273100000000001365600000000000819400000000000000000000000000000023042010280420101900        000000000000000CIP COMPENSACAO               930                           
1040001300229T 0600249600300000286080D00000000000000000001               30042010000000000000000151005550                         090000607411540001104994588000000000097862009177607411540001300000000000000000002220000000000                 
1040001300230U 0600000000000000000000000000196000000000000000000000000000196000000000000980000000000000588000000000000000000000000000000023042010280420101900        000000000000000CIP COMPENSACAO               930                           
1040001300231T 0600249600300000286080D00000000000000000001               30042010000000000000000341000574                         090000608752180001104944588000000000097862009177608752180001300000000000000000002220000000000                 
1040001300232U 0600000000000000000000000000567500000000000000000000000000567500000000002837500000000001702500000000000000000000000000000023042010280420101900        000000000000000CIP COMPENSACAO               930                           
1040001300233T 0600249600300000286080D00000000000000000001               30042010000000000000000341002852                         090000610539300001104974588000000000097862009177610539300001300000000000000000002220000000000                 
1040001300234U 0600000000000000000000000000342700000000000000000000000000342700000000001713600000000001028200000000000000000000000000000023042010280420101900        000000000000000CIP COMPENSACAO               930                           
1040001300235T 0600249600300000286080D00000000000000000001               30042010000000000000000341006602                         090000610623940001104994588000000000097862009177610623940001300000000000000000002220000000000                 
1040001300236U 0600000000000000000000000000068400000000000000000000000000068400000000000342000000000000205200000000000000000000000000000023042010280420101900        000000000000000CIP COMPENSACAO               930                           
1040001300237T 0600249600300000286080D00000000000000000001               30042010000000000000000237002003                         090000611860600001104954588000000000097862009177611860600001300000000000000000002220000000000                 
1040001300238U 0600000000000000000000000000235600000000000000000000000000235600000000001178000000000000706800000000000000000000000000000023042010280420101900        000000000000000CIP COMPENSACAO               930                           
1040001300239T 0600249600300000286080D00000000000000000001               30042010000000000000000341007099                         090000611871750001104964588000000000097862009177611871750001300000000000000000002220000000000                 
1040001300240U 0600000000000000000000000000116500000000000000000000000000116500000000000582500000000000349500000000000000000000000000000023042010280420101900        000000000000000CIP COMPENSACAO               930                           
1040001300241T 0600249600300000286080D00000000000000000001               30042010000000000000000341002852                         090000613679750001104914588000000000097862009177613679750001300000000000000000002220000000000                 
1040001300242U 0600000000000000000000000000549700000000000000000000000000549700000000002748500000000001649100000000000000000000000000000023042010280420101900        000000000000000CIP COMPENSACAO               930                           
1040001300243T 0600249600300000286080D00000000000000000001               30042010000000000005365409005169                         090000613810180001104964588000000536597862009177613810180001300000000000000000002220000000000                 
1040001300244U 0600000000000000000000000000107300000000000000000000000000107300000000000536500000000000321900000000000000000000000000000023042010280420101900        000000000000000CIP COMPENSACAO               930                           
1040001300245T 0600249600300000286080D00000000000000000001               30042010000000000000000341002852                         090000618673470001104984588000000000097862009177618673470001300000000000000000002220000000000                 
1040001300246U 0600000000000000000000000000188000000000000000000000000000188000000000000940000000000000564000000000000000000000000000000023042010280420101900        000000000000000CIP COMPENSACAO               930                           
1040001300247T 0600249600300000286080D00000000000000000001               30042010000000000000000033001457                         090000620295900001104944588000000000097862009177620295900001300000000000000000002220000000000                 
1040001300248U 0600000000000000000000000000258700000000000000000000000000258700000000001293600000000000776200000000000000000000000000000023042010280420101900        000000000000000CIP COMPENSACAO               930                           
1040001300249T 0600249600300000286080D00000000000000000001               30042010000000000000000341006440                         090000647268050001104914588000000000097862009177647268050001300000000000000000002220000000000                 
1040001300250U 0600000000000000000000000000054900000000000000000000000000054900000000000274600000000000164800000000000000000000000000000023042010280420101900        000000000000000CIP COMPENSACAO               930                           
1040001300251T 0600249600300000286080D00000000000000000001               30042010000000000000000341003549                         090000650349100001104964588000000000097862009177650349100001300000000000000000002220000000000                 
1040001300252U 0600000000000000000000000000262900000000000000000000000000262900000000001314700000000000788900000000000000000000000000000023042010280420101900        000000000000000CIP COMPENSACAO               930                           
1040001300253T 0600249600300000286080D00000000000000000001               30042010000000000000000341001600                         090000650857970001104924588000000000097862009177650857970001300000000000000000002220000000000                 
1040001300254U 0600000000000000000000000000556000000000000000000000000000556000000000002780000000000001668000000000000000000000000000000023042010280420101900        000000000000000CIP COMPENSACAO               930                           
1040001300255T 0600249600300000286080D00000000000000000001               30042010000000000000000356012653                         090000660548910001104904588000000000097862009177660548910001300000000000000000002220000000000                 
1040001300256U 0600000000000000000000000000231300000000000000000000000000231300000000001156300000000000693700000000000000000000000000000023042010280420101900        000000000000000CIP COMPENSACAO               930                           
1040001300257T 0600249600300000286080D00000000000000000001               07101997000000000000000341071137                         090000671404590001104900000000000000097862009177671404590001300000000000000000002220000000000                 
1040001300258U 0600000000000000000000000000459500000000000000000000000000459500000000002297400000000001378400000000000000000000000000000023042010280420101900        000000000000000CIP COMPENSACAO               930                           
1040001300259T 0600249600300000286080D00000000000000000001               30042010000000000000000237002089                         090000676476850001104984588000000000097862009177676476850001300000000000000000002220000000000                 
1040001300260U 0600000000000000000000000000046900000000000000000000000000046900000000000234700000000000140900000000000000000000000000000023042010280420101900        000000000000000CIP COMPENSACAO               930                           
1040001300261T 0600249600300000286080D00000000000000000001               30042010000000000000000341000574                         090000678322460001104994588000000000097862009177678322460001300000000000000000002220000000000                 
1040001300262U 0600000000000000000000000000261900000000000000000000000000261900000000001309400000000000785600000000000000000000000000000023042010280420101900        000000000000000CIP COMPENSACAO               930                           
1040001300263T 0600249600300000286080D00000000000000000001               30042010000000000000000237017639                         090000679754330001104984588000000000097862009177679754330001300000000000000000002220000000000                 
1040001300264U 0600000000000000000000000000044900000000000000000000000000044900000000000224500000000000134700000000000000000000000000000023042010280420101900        000000000000000CIP COMPENSACAO               930                           
1040001300265T 0600249600300000286080D00000000000000000001               30042010000000000000000341002852                         090000683136340001104964588000000000097862009177683136340001300000000000000000002220000000000                 
1040001300266U 0600000000000000000000000000089900000000000000000000000000089900000000000449300000000000269500000000000000000000000000000023042010280420101900        000000000000000CIP COMPENSACAO               930                           
1040001300267T 0600249600300000286080D00000000000000000001               30042010000000000000000409000990                         090000735586780001104984588000000000097862009177735586780001300000000000000000002220000000000                 
1040001300268U 0600000000000000000000000000047000000000000000000000000000047000000000000235000000000000141000000000000000000000000000000023042010280420101900        000000000000000CIP COMPENSACAO               930                           
1040001300269T 0600249600300000286080D00000000000000000001               30042010000000000000000033001457                         090000738394820001104984588000000000097862009177738394820001300000000000000000002220000000000                 
1040001300270U 0600000000000000000000000000213200000000000000000000000000213200000000001065800000000000639400000000000000000000000000000023042010280420101900        000000000000000CIP COMPENSACAO               930                           
1040001300271T 0600249600300000286080D00000000000000000001               30042010000000000000000104006890                         090000002190113343104944588000000000097862009177002190113343300000000000000000001090000000000                 
1040001300272U 0600000000000000000000000000056300000000000000000000000000056300000000000281600000000000169000000000000000000000000000000026042010280420101700        000000000000000LOTERICOS SISPL               930                           
1040001300273T 0600249600300000286080D00000000000000000001               30042010000000000000000104010049                         090000002190215255104974588000000000097862009177002190215255300000000000000000002180000000000                 
1040001300274U 0600000000000000000000000000198300000000000000000000000000198300000000000991300000000000594700000000000000000000000000000026042010280420101100        000000000000000AUTOMACAO                     930                           
1040001300275T 0600249600300000286080D00000000000000000001               30042010000000000000000104012173                         090000005976840001104984588000000000097862009177005976840001300000000000000000002180000000000                 
1040001300276U 0600000000000000000000000000289100000000000000000000000000289100000000001445400000000000867200000000000000000000000000000026042010280420101100        000000000000000AUTOMACAO                     930                           
1040001300277T 0600249600300000286080D00000000000000000001               30042010000000000000000104002364                         090000006171940001104934588000000000097862009177006171940001300000000000000000002180000000000                 
1040001300278U 0600000000000000000000000000462500000000000000000000000000462500000000002312400000000001387400000000000000000000000000000026042010280420101100        000000000000000AUTOMACAO                     930                           
1040001300279T 0600249600300000286080D00000000000000000001               30042010000000000000000104012300                         090000006568110001104964588000000000097862009177006568110001300000000000000000002180000000000                 
1040001300280U 0600000000000000000000000000094000000000000000000000000000094000000000000470000000000000282000000000000000000000000000000026042010280420101100        000000000000000AUTOMACAO                     930                           
1040001300281T 0600249600300000286080D00000000000000000001               30042010000000000000000104002364                         090000015922280001104934588000000000097862009177015922280001300000000000000000002180000000000                 
1040001300282U 0600000000000000000000000000648100000000000000000000000000648100000000003240500000000001944300000000000000000000000000000026042010280420101100        000000000000000AUTOMACAO                     930                           
1040001300283T 0600249600300000286080D00000000000000000001               30042010000000000000000104002364                         090000032145540001104994588000000000097862009177032145540001300000000000000000002180000000000                 
1040001300284U 0600000000000000000000000000281600000000000000000000000000281600000000001408100000000000844900000000000000000000000000000026042010280420101100        000000000000000AUTOMACAO                     930                           
1040001300285T 0600249600300000286080D00000000000000000001               30042010000000000000000104002364                         090000042451460001104914588000000000097862009177042451460001300000000000000000002180000000000                 
1040001300286U 0600000000000000000000000000051000000000000000000000000000051000000000000255000000000000153000000000000000000000000000000026042010280420101100        000000000000000AUTOMACAO                     930                           
1040001300287T 0600249600300000286080D00000000000000000001               30042010000000000002347104040312                         090000046763940001104914588000000234797862004177046763940001710000000000000000001090000000000                 
1040001300288U 0600000000000000000000000000046900000000000000000000000000046900000000000234700000000000140900000000000000000000000000000026042010280420101700        000000000000000LOTERICOS SISPL               471                           
1040001300289T 0600249600300000286080D00000000000000000001               30042010000000000003466104040797                         090000084509210001104914588000000346697862008177084509210001110000000000000000000430000000000                 
1040001300290U 06000000000000000000000000000693000000000000000000000000000693000000000003466000000000002080000000000000000000000000000000260420102804201012I0        000000000000000INTERNET                      811                           
1040001300291T 0600249600300000286080D00000000000000000001               30042010000000000009388104029254                         090000092047390001104944588000000938897862009177092047390001600000000000000000001090000000000                 
1040001300292U 0600000000000000000000000000187800000000000000000000000000187800000000000938800000000000563200000000000000000000000000000026042010280420101700        000000000000000LOTERICOS SISPL               960                           
1040001300293T 0600249600300000286080D00000000000000000001               30042010000000000019546104013609                         090000107903390001104994588000001954697862008177107903390001110000000000000000002180000000000                 
1040001300294U 0600000000000000000000000000390900000000000000000000000000390900000000001954600000000001172800000000000000000000000000000026042010280420101100        000000000000000AUTOMACAO                     811                           
1040001300295T 0600249600300000286080D00000000000000000001               30042010000000000000000104030392                         090000388886810001104944588000000000097862009177388886810001300000000000000000002180000000000                 
1040001300296U 0600000000000000000000000000143000000000000000000000000000143000000000000715200000000000429200000000000000000000000000000026042010280420101100        000000000000000AUTOMACAO                     930                           
1040001300297T 0600249600300000286080D00000000000000000001               30042010000000000000000104002461                         090000539948100001104924588000000000097862009177539948100001300000000000000000002180000000000                 
1040001300298U 0600000000000000000000000002207500000000000000000000000002207500000000011037400000000006622400000000000000000000000000000026042010280420101100        000000000000000AUTOMACAO                     930                           
1040001300299T 0600249600300000286080D00000000000000000001               30042010000000000000000104040118                         090000552186890001104924588000000000097862009177552186890001300000000000000000002180000000000                 
1040001300300U 0600000000000000000000000001332200000000000000000000000001332200000000006661200000000003996800000000000000000000000000000026042010280420101100        000000000000000AUTOMACAO                     930                           
1040001300301T 0600249600300000286080D00000000000000000001               30042010000000000000000104002534                         090000555177180001104944588000000000097862009177555177180001300000000000000000000430000000000                 
1040001300302U 06000000000000000000000000002995000000000000000000000000002995000000000014974000000000008984000000000000000000000000000000260420102804201012I0        000000000000000INTERNET                      930                           
1040001300303T 0600249600300000286080D00000000000000000001               30042010000000000000000104016527                         090000595831870001104994588000000000097862009177595831870001300000000000000000001090000000000                 
1040001300304U 0600000000000000000000000000431900000000000000000000000000431900000000002159700000000001295900000000000000000000000000000026042010280420101700        000000000000000LOTERICOS SISPL               930                           
1040001300305T 0600249600300000286080D00000000000000000001               30042010000000000000000104016799                         090000599456590001104914588000000000097862009177599456590001300000000000000000002180000000000                 
1040001300306U 0600000000000000000000000000319100000000000000000000000000319100000000001595300000000000957100000000000000000000000000000026042010280420101100        000000000000000AUTOMACAO                     930                           
1040001300307T 0600249600300000286080D00000000000000000001               30042010000000000000000104002364                         090000605266880001104994588000000000097862009177605266880001300000000000000000002180000000000                 
1040001300308U 0600000000000000000000000000131900000000000000000000000000131900000000000659300000000000395500000000000000000000000000000026042010280420101100        000000000000000AUTOMACAO                     930                           
1040001300309T 0600249600300000286080D00000000000000000001               30042010000000000000000104012300                         090000620296080001104984588000000000097862009177620296080001300000000000000000002180000000000                 
1040001300310U 0600000000000000000000000000312400000000000000000000000000312400000000001561800000000000937000000000000000000000000000000026042010280420101100        000000000000000AUTOMACAO                     930                           
1040001300311T 0600249600300000286080D00000000000000000001               30042010000000000000000104012300                         090000625683650001104914588000000000097862009177625683650001300000000000000000002180000000000                 
1040001300312U 0600000000000000000000000000303500000000000000000000000000303500000000001517300000000000910300000000000000000000000000000026042010280420101100        000000000000000AUTOMACAO                     930                           
1040001300313T 0600249600300000286080D00000000000000000001               30042010000000000000000104030333                         090000647245520001104934588000000000097862009177647245520001300000000000000000002180000000000                 
1040001300314U 0600000000000000000000000000314600000000000000000000000000314600000000001572800000000000943600000000000000000000000000000026042010280420101100        000000000000000AUTOMACAO                     930                           
1040001300315T 0600249600300000286080D00000000000000000001               30042010000000000000000104002364                         090000671434040001104984588000000000097862009177671434040001300000000000000000002180000000000                 
1040001300316U 0600000000000000000000000000392100000000000000000000000000392100000000001960600000000001176400000000000000000000000000000026042010280420101100        000000000000000AUTOMACAO                     930                           
1040001300317T 0600249600300000286080D00000000000000000001               30042010000000000000000104002534                         090000673515440001104964588000000000097862009177673515440001300000000000000000000430000000000                 
1040001300318U 06000000000000000000000000000495000000000000000000000000000495000000000002477000000000001487000000000000000000000000000000260420102804201012I0        000000000000000INTERNET                      930                           
1040001300319T 0600249600300000286080D00000000000000000001               30042010000000000000000104031178                         090000676959030001104914588000000000097862009177676959030001300000000000000000002180000000000                 
1040001300320U 0600000000000000000000000000135200000000000000000000000000135200000000000675900000000000405500000000000000000000000000000026042010280420101100        000000000000000AUTOMACAO                     930                           
1040001300321T 0600249600300000286080D00000000000000000001               30042010000000000000000104002550                         090000679861580001104944588000000000097862009177679861580001300000000000000000002180000000000                 
1040001300322U 0600000000000000000000000000148400000000000000000000000000148400000000000742000000000000445200000000000000000000000000000026042010280420101100        000000000000000AUTOMACAO                     930                           
1040001300323T 0600249600300000286080D00000000000000000001               30042010000000000000000104012300                         090000681619750001104974588000000000097862009177681619750001300000000000000000002180000000000                 
1040001300324U 0600000000000000000000000000155800000000000000000000000000155800000000000779000000000000467400000000000000000000000000000026042010280420101100        000000000000000AUTOMACAO                     930                           
10400015         00032400000000000000000000000000000000000000000000000000000000000000000000000000000000000001472761                           00000000000000000000000000000                                                                     
10499999         000001000328000000000              00000 000000000000                                                                        00000000000000000000000000000                                                                     
