10400000         243070481000114186200              00249600300000286080SINEMPEDIFPORTCAB MUN SP      CAIXA ECONOMICA FEDERAL                 22004201005303300125106000000                                                                     
10400011T01  030 2043070481000114186200              00249600300000286080SINEMPEDIFPORTCAB MUN SP      200501                                  000000                                  000000002004201000000000                                 
1040001300001T 0600249600300000286080D00000000000000000001               30042010000000000000000341001732                         090000000789810001104914588000000000097862009177000789810001300000000000000000002220000000000                 
1040001300002U 0600000000000000000000000000366000000000000000000000000000366000000000001830000000000001098000000000000000000000000000000015042010200420101900        000000000000000CIP COMPENSACAO               930                           
1040001300003T 0600249600300000286080D00000000000000000001               30042010000000000000000341007650                         090000001115520001104924588000000000097862009177001115520001300000000000000000002220000000000                 
1040001300004U 0600000000000000000000000000319000000000000000000000000000319000000000001595100000000000957100000000000000000000000000000015042010200420101900        000000000000000CIP COMPENSACAO               930                           
1040001300005T 0600249600300000286080D00000000000000000001               30042010000000000000000237025844                         090000002190212696104924588000000000097862009177002190212696300000000000000000002220000000000                 
1040001300006U 0600000000000000000000000000045000000000000000000000000000045000000000000225100000000000135100000000000000000000000000000015042010200420101900        000000000000000CIP COMPENSACAO               930                           
1040001300007T 0600249600300000286080D00000000000000000001               30042010000000000000000341000574                         090000002190218988104954588000000000097862009177002190218988300000000000000000002220000000000                 
1040001300008U 0600000000000000000000000000436700000000000000000000000000436700000000002183300000000001309900000000000000000000000000000015042010200420101900        000000000000000CIP COMPENSACAO               930                           
1040001300009T 0600249600300000286080D00000000000000000001               30042010000000000000000341000647                         090000002190414234104914588000000000097862009177002190414234300000000000000000002220000000000                 
1040001300010U 0600000000000000000000000000054300000000000000000000000000054300000000000271700000000000163100000000000000000000000000000015042010200420101900        000000000000000CIP COMPENSACAO               930                           
1040001300011T 0600249600300000286080D00000000000000000001               07101997000000000000000341007650                         090000003761350001104900000000000000097862009177003761350001300000000000000000002220000000000                 
1040001300012U 0600000000000000000000000000427000000000000000000000000000427000000000002135100000000001281100000000000000000000000000000015042010200420101900        000000000000000CIP COMPENSACAO               930                           
1040001300013T 0600249600300000286080D00000000000000000001               07101997000000000000000341001732                         090000005001119528104900000000000000097862009177005001119528300000000000000000002220000000000                 
1040001300014U 0600000000000000000000000000049100000000000000000000000000049100000000000245400000000000147200000000000000000000000000000015042010200420101900        000000000000000CIP COMPENSACAO               930                           
1040001300015T 0600249600300000286080D00000000000000000001               30042010000000000000000341029254                         090000007611090001104944588000000000097862009177007611090001300000000000000000002220000000000                 
1040001300016U 0600000000000000000000000000316200000000000000000000000000316200000000001580800000000000948400000000000000000000000000000015042010200420101900        000000000000000CIP COMPENSACAO               930                           
1040001300017T 0600249600300000286080D00000000000000000001               30042010000000000000000341029238                         090000009386060001104914588000000000097862009177009386060001300000000000000000002220000000000                 
1040001300018U 0600000000000000000000000000060500000000000000000000000000060500000000000302700000000000181700000000000000000000000000000015042010200420101900        000000000000000CIP COMPENSACAO               930                           
1040001300019T 0600249600300000286080D00000000000000000001               07101997000000000003388356001368                         090000010020160001104900000000000338897862009177010020160001300000000000000000002220000000000                 
1040001300020U 0600000000000000000000000000067800000000000000000000000000067800000000000338800000000000203200000000000000000000000000000015042010200420101900        000000000000000CIP COMPENSACAO               930                           
1040001300021T 0600249600300000286080D00000000000000000001               30042010000000000000000341029700                         090000020125420001104914588000000000097862009177020125420001300000000000000000002220000000000                 
1040001300022U 0600000000000000000000000000422700000000000000000000000000422700000000002113500000000001268100000000000000000000000000000015042010200420101900        000000000000000CIP COMPENSACAO               930                           
1040001300023T 0600249600300000286080D00000000000000000001               30042010000000000000000341008451                         090000021303940001104934588000000000097862009177021303940001300000000000000000002220000000000                 
1040001300024U 0600000000000000000000000000767100000000000000000000000000767100000000003835600000000002301400000000000000000000000000000015042010200420101900        000000000000000CIP COMPENSACAO               930                           
1040001300025T 0600249600300000286080D00000000000000000001               30042010000000000000000409014451                         090000026349070001104914588000000000097862009177026349070001300000000000000000002220000000000                 
1040001300026U 0600000000000000000000000000216700000000000000000000000000216700000000001083300000000000649900000000000000000000000000000015042010200420101900        000000000000000CIP COMPENSACAO               930                           
1040001300027T 0600249600300000286080D00000000000000000001               30042010000000000000000341000574                         090000028468040001104964588000000000097862009177028468040001300000000000000000002220000000000                 
1040001300028U 0600000000000000000000000000286700000000000000000000000000286700000000001433300000000000859900000000000000000000000000000015042010200420101900        000000000000000CIP COMPENSACAO               930                           
1040001300029T 0600249600300000286080D00000000000000000001               30042010000000000005316341005932                         090000028754898870104964588000000531697862008177028754898870110000000000000000002220000000000                 
1040001300030U 0600000000000000000000000000106300000000000000000000000000106300000000000531600000000000319000000000000000000000000000000015042010200420101900        000000000000000CIP COMPENSACAO               811                           
1040001300031T 0600249600300000286080D00000000000000000001               07101997000000000013131356001368                         090000029983070001104900000000001313197862009177029983070001300000000000000000002220000000000                 
1040001300032U 0600000000000000000000000000262600000000000000000000000000262600000000001313100000000000787900000000000000000000000000000015042010200420101900        000000000000000CIP COMPENSACAO               930                           
1040001300033T 0600249600300000286080D00000000000000000001               30042010000000000000000341008451                         090000032801640001104934588000000000097862009177032801640001300000000000000000002220000000000                 
1040001300034U 0600000000000000000000000000298600000000000000000000000000298600000000001493000000000000895800000000000000000000000000000015042010200420101900        000000000000000CIP COMPENSACAO               930                           
1040001300035T 0600249600300000286080D00000000000000000001               30042010000000000000000341003689                         090000034972140001104914588000000000097862009177034972140001300000000000000000002220000000000                 
1040001300036U 0600000000000000000000000000707900000000000000000000000000707900000000003539700000000002123900000000000000000000000000000015042010200420101900        000000000000000CIP COMPENSACAO               930                           
1040001300037T 0600249600300000286080D00000000000000000001               30042010000000000000000341020001                         090000038155350001104984588000000000097862009177038155350001300000000000000000002220000000000                 
1040001300038U 0600000000000000000000000000151500000000000000000000000000151500000000000757500000000000454500000000000000000000000000000015042010200420101900        000000000000000CIP COMPENSACAO               930                           
1040001300039T 0600249600300000286080D00000000000000000001               30042010000000000007041237014435                         090000040741980001104914588000000704197862009177040741980001490000000000000000002220000000000                 
1040001300040U 0600000000000000000000000000140800000000000000000000000000140800000000000704100000000000422500000000000000000000000000000015042010200420101900        000000000000000CIP COMPENSACAO               949                           
1040001300041T 0600249600300000286080D00000000000000000001               30042010000000000009972341000272                         090000042853240001104994588000000997297862008177042853240001110000000000000000002220000000000                 
1040001300042U 0600000000000000000000000000199400000000000000000000000000199400000000000997200000000000598400000000000000000000000000000015042010200420101900        000000000000000CIP COMPENSACAO               811                           
1040001300043T 0600249600300000286080D00000000000000000001               30042010000000000000000341020001                         090000052070680001104954588000000000097862009177052070680001300000000000000000002220000000000                 
1040001300044U 0600000000000000000000000000224200000000000000000000000000224200000000001120800000000000672400000000000000000000000000000015042010200420101900        000000000000000CIP COMPENSACAO               930                           
1040001300045T 0600249600300000286080D00000000000000000001               30042010000000000000000237014494                         090000054775680001104914588000000000097862009177054775680001300000000000000000002220000000000                 
1040001300046U 0600000000000000000000000000189800000000000000000000000000189800000000000949000000000000569400000000000000000000000000000015042010200420101900        000000000000000CIP COMPENSACAO               930                           
1040001300047T 0600249600300000286080D00000000000000000001               30042010000000000000000356008273                         090000060601810001104904588000000000097862009177060601810001300000000000000000002220000000000                 
1040001300048U 0600000000000000000000000000197200000000000000000000000000197200000000000985900000000000591500000000000000000000000000000015042010200420101900        000000000000000CIP COMPENSACAO               930                           
1040001300049T 0600249600300000286080D00000000000000000001               30042010000000000000000341001732                         090000070401680001104964588000000000097862009177070401680001300000000000000000002220000000000                 
1040001300050U 0600000000000000000000000000077500000000000000000000000000077500000000000387400000000000232400000000000000000000000000000015042010200420101900        000000000000000CIP COMPENSACAO               930                           
1040001300051T 0600249600300000286080D00000000000000000001               30042010000000000000000341031690                         090000072700660001104924588000000000097862009177072700660001300000000000000000002220000000000                 
1040001300052U 0600000000000000000000000000192400000000000000000000000000192400000000000961900000000000577100000000000000000000000000000015042010200420101900        000000000000000CIP COMPENSACAO               930                           
1040001300053T 0600249600300000286080D00000000000000000001               30042010000000000002347001030279                         090000085810970001104934588000000234797862008177085810970001110000000000000000002220000000000                 
1040001300054U 0600000000000000000000000000046900000000000000000000000000046900000000000234700000000000140900000000000000000000000000000015042010200420101900        000000000000000CIP COMPENSACAO               811                           
1040001300055T 0600249600300000286080D00000000000000000001               30042010000000000000000237005002                         090000085986320001104974588000000000097862009177085986320001300000000000000000002220000000000                 
1040001300056U 0600000000000000000000000000140800000000000000000000000000140800000000000704100000000000422500000000000000000000000000000015042010200420101900        000000000000000CIP COMPENSACAO               930                           
1040001300057T 0600249600300000286080D00000000000000000001               30042010000000000000000341010359                         090000388948610001104944588000000000097862009177388948610001300000000000000000002220000000000                 
1040001300058U 0600000000000000000000000000105100000000000000000000000000105100000000000525700000000000315500000000000000000000000000000015042010200420101900        000000000000000CIP COMPENSACAO               930                           
1040001300059T 0600249600300000286080D00000000000000000001               30042010000000000000000341001732                         090000538258570001104964588000000000097862009177538258570001300000000000000000002220000000000                 
1040001300060U 0600000000000000000000000000575000000000000000000000000000575000000000002875000000000001725000000000000000000000000000000015042010200420101900        000000000000000CIP COMPENSACAO               930                           
1040001300061T 0600249600300000286080D00000000000000000001               30042010000000000000000341001732                         090000538267980001104954588000000000097862009177538267980001300000000000000000002220000000000                 
1040001300062U 0600000000000000000000000000409000000000000000000000000000409000000000002045000000000001227000000000000000000000000000000015042010200420101900        000000000000000CIP COMPENSACAO               930                           
1040001300063T 0600249600300000286080D00000000000000000001               30042010000000000000000341001732                         090000538270020001104924588000000000097862009177538270020001300000000000000000002220000000000                 
1040001300064U 0600000000000000000000000000049100000000000000000000000000049100000000000245400000000000147200000000000000000000000000000015042010200420101900        000000000000000CIP COMPENSACAO               930                           
1040001300065T 0600249600300000286080D00000000000000000001               30042010000000000000000341001732                         090000538282990001104914588000000000097862009177538282990001300000000000000000002220000000000                 
1040001300066U 0600000000000000000000000000233000000000000000000000000000233000000000001165000000000000699000000000000000000000000000000015042010200420101900        000000000000000CIP COMPENSACAO               930                           
1040001300067T 0600249600300000286080D00000000000000000001               30042010000000000000000341001732                         090000538284480001104964588000000000097862009177538284480001300000000000000000002220000000000                 
1040001300068U 0600000000000000000000000000232900000000000000000000000000232900000000001164600000000000698800000000000000000000000000000015042010200420101900        000000000000000CIP COMPENSACAO               930                           
1040001300069T 0600249600300000286080D00000000000000000001               30042010000000000000000341001732                         090000538318970001104914588000000000097862009177538318970001300000000000000000002220000000000                 
1040001300070U 0600000000000000000000000000322000000000000000000000000000322000000000001609800000000000965800000000000000000000000000000015042010200420101900        000000000000000CIP COMPENSACAO               930                           
1040001300071T 0600249600300000286080D00000000000000000001               30042010000000000000000409005711                         090000540021830001104914588000000000097862009177540021830001300000000000000000002220000000000                 
1040001300072U 0600000000000000000000000001924100000000000000000000000001924100000000009620300000000005772100000000000000000000000000000015042010200420101900        000000000000000CIP COMPENSACAO               930                           
1040001300073T 0600249600300000286080D00000000000000000001               30042010000000000008940341007722                         090000540035530001104914588000000894097862008177540035530001110000000000000000002220000000000                 
1040001300074U 0600000000000000000000000000178800000000000000000000000000178800000000000894000000000000536400000000000000000000000000000015042010200420101900        000000000000000CIP COMPENSACAO               811                           
1040001300075T 0600249600300000286080D00000000000000000001               30042010000000000000000341001732                         090000540240620001104924588000000000097862009177540240620001300000000000000000002220000000000                 
1040001300076U 0600000000000000000000000000186700000000000000000000000000186700000000000933500000000000560100000000000000000000000000000015042010200420101900        000000000000000CIP COMPENSACAO               930                           
1040001300077T 0600249600300000286080D00000000000000000001               30042010000000000000000341001732                         090000540277840001104914588000000000097862009177540277840001300000000000000000002220000000000                 
1040001300078U 0600000000000000000000000000400100000000000000000000000000400100000000002000600000000001200400000000000000000000000000000015042010200420101900        000000000000000CIP COMPENSACAO               930                           
1040001300079T 0600249600300000286080D00000000000000000001               30042010000000000000000341007374                         090000540592250001104954588000000000097862009177540592250001300000000000000000002220000000000                 
1040001300080U 0600000000000000000000000000765500000000000000000000000000765500000000003827600000000002296600000000000000000000000000000015042010200420101900        000000000000000CIP COMPENSACAO               930                           
1040001300081T 0600249600300000286080D00000000000000000001               30042010000000000000000356003719                         090000540609830001104904588000000000097862009177540609830001300000000000000000002220000000000                 
1040001300082U 0600000000000000000000000000189800000000000000000000000000189800000000000949000000000000569400000000000000000000000000000015042010200420101900        000000000000000CIP COMPENSACAO               930                           
1040001300083T 0600249600300000286080D00000000000000000001               30042010000000000000000341004405                         090000540614450001104934588000000000097862009177540614450001300000000000000000002220000000000                 
1040001300084U 0600000000000000000000000000154700000000000000000000000000154700000000000773500000000000464100000000000000000000000000000015042010200420101900        000000000000000CIP COMPENSACAO               930                           
1040001300085T 0600249600300000286080D00000000000000000001               30042010000000000000000341007374                         090000540672930001104944588000000000097862009177540672930001300000000000000000002220000000000                 
1040001300086U 0600000000000000000000000000377100000000000000000000000000377100000000001885700000000001131500000000000000000000000000000015042010200420101900        000000000000000CIP COMPENSACAO               930                           
1040001300087T 0600249600300000286080D00000000000000000001               30042010000000000000000341001732                         090000540694630001104914588000000000097862009177540694630001300000000000000000002220000000000                 
1040001300088U 0600000000000000000000000000289500000000000000000000000000289500000000001447600000000000868600000000000000000000000000000015042010200420101900        000000000000000CIP COMPENSACAO               930                           
1040001300089T 0600249600300000286080D00000000000000000001               30042010000000000000000341007374                         090000540714440001104974588000000000097862009177540714440001300000000000000000002220000000000                 
1040001300090U 0600000000000000000000000000088700000000000000000000000000088700000000000443300000000000265900000000000000000000000000000015042010200420101900        000000000000000CIP COMPENSACAO               930                           
1040001300091T 0600249600300000286080D00000000000000000001               30042010000000000000000341006467                         090000542017690001104954588000000000097862009177542017690001300000000000000000002220000000000                 
1040001300092U 0600000000000000000000000000393600000000000000000000000000393600000000001967800000000001180600000000000000000000000000000015042010200420101900        000000000000000CIP COMPENSACAO               930                           
1040001300093T 0600249600300000286080D00000000000000000001               30042010000000000000000341010006                         090000542020560001104954588000000000097862009177542020560001300000000000000000002220000000000                 
1040001300094U 0600000000000000000000000000413200000000000000000000000000413200000000002066200000000001239800000000000000000000000000000015042010200420101900        000000000000000CIP COMPENSACAO               930                           
1040001300095T 0600249600300000286080D00000000000000000001               30042010000000000000000341005533                         090000542066280001104934588000000000097862009177542066280001300000000000000000002220000000000                 
1040001300096U 0600000000000000000000000000044900000000000000000000000000044900000000000224500000000000134700000000000000000000000000000015042010200420101900        000000000000000CIP COMPENSACAO               930                           
1040001300097T 0600249600300000286080D00000000000000000001               30042010000000000000000341001732                         090000542090690001104964588000000000097862009177542090690001300000000000000000002220000000000                 
1040001300098U 0600000000000000000000000000399900000000000000000000000000399900000000001999700000000001199900000000000000000000000000000015042010200420101900        000000000000000CIP COMPENSACAO               930                           
1040001300099T 0600249600300000286080D00000000000000000001               30042010000000000000000341001732                         090000542196210001104924588000000000097862009177542196210001300000000000000000002220000000000                 
1040001300100U 0600000000000000000000000000670400000000000000000000000000670400000000003351900000000002011100000000000000000000000000000015042010200420101900        000000000000000CIP COMPENSACAO               930                           
1040001300101T 0600249600300000286080D00000000000000000001               07101997000000000009620356001368                         090000542219650001104900000000000962097862009177542219650001300000000000000000002220000000000                 
1040001300102U 0600000000000000000000000000192400000000000000000000000000192400000000000962000000000000577200000000000000000000000000000015042010200420101900        000000000000000CIP COMPENSACAO               930                           
1040001300103T 0600249600300000286080D00000000000000000001               30042010000000000000000341001732                         090000542267330001104924588000000000097862009177542267330001300000000000000000002220000000000                 
1040001300104U 0600000000000000000000000000416000000000000000000000000000416000000000002080000000000001248000000000000000000000000000000015042010200420101900        000000000000000CIP COMPENSACAO               930                           
1040001300105T 0600249600300000286080D00000000000000000001               30042010000000000000000341007374                         090000542418800001104984588000000000097862009177542418800001300000000000000000002220000000000                 
1040001300106U 0600000000000000000000000000382300000000000000000000000000382300000000001911500000000001146900000000000000000000000000000015042010200420101900        000000000000000CIP COMPENSACAO               930                           
1040001300107T 0600249600300000286080D00000000000000000001               30042010000000000000000341001732                         090000542824880001104914588000000000097862009177542824880001300000000000000000002220000000000                 
1040001300108U 0600000000000000000000000000053000000000000000000000000000053000000000000265000000000000159000000000000000000000000000000015042010200420101900        000000000000000CIP COMPENSACAO               930                           
1040001300109T 0600249600300000286080D00000000000000000001               30042010000000000000000341001732                         090000542826520001104944588000000000097862009177542826520001300000000000000000002220000000000                 
1040001300110U 0600000000000000000000000000198300000000000000000000000000198300000000000991500000000000594900000000000000000000000000000015042010200420101900        000000000000000CIP COMPENSACAO               930                           
1040001300111T 0600249600300000286080D00000000000000000001               30042010000000000000000341001732                         090000542840960001104984588000000000097862009177542840960001300000000000000000002220000000000                 
1040001300112U 0600000000000000000000000000216100000000000000000000000000216100000000001080500000000000648300000000000000000000000000000015042010200420101900        000000000000000CIP COMPENSACAO               930                           
1040001300113T 0600249600300000286080D00000000000000000001               30042010000000000000000341001732                         090000543215590001104954588000000000097862009177543215590001300000000000000000002220000000000                 
1040001300114U 0600000000000000000000000000373100000000000000000000000000373100000000001865300000000001119100000000000000000000000000000015042010200420101900        000000000000000CIP COMPENSACAO               930                           
1040001300115T 0600249600300000286080D00000000000000000001               07101997000000000002347356001368                         090000543240330001104900000000000234797862009177543240330001300000000000000000002220000000000                 
1040001300116U 0600000000000000000000000000046900000000000000000000000000046900000000000234700000000000140900000000000000000000000000000015042010200420101900        000000000000000CIP COMPENSACAO               930                           
1040001300117T 0600249600300000286080D00000000000000000001               30042010000000000000000341007374                         090000543611000001104944588000000000097862009177543611000001300000000000000000002220000000000                 
1040001300118U 0600000000000000000000000000088300000000000000000000000000088300000000000441700000000000265100000000000000000000000000000015042010200420101900        000000000000000CIP COMPENSACAO               930                           
1040001300119T 0600249600300000286080D00000000000000000001               30042010000000000000000341001732                         090000544149900001104914588000000000097862009177544149900001300000000000000000002220000000000                 
1040001300120U 0600000000000000000000000000108700000000000000000000000000108700000000000543700000000000326300000000000000000000000000000015042010200420101900        000000000000000CIP COMPENSACAO               930                           
1040001300121T 0600249600300000286080D00000000000000000001               30042010000000000000000341001732                         090000544602900001104974588000000000097862009177544602900001300000000000000000002220000000000                 
1040001300122U 0600000000000000000000000000582900000000000000000000000000582900000000002914700000000001748900000000000000000000000000000015042010200420101900        000000000000000CIP COMPENSACAO               930                           
1040001300123T 0600249600300000286080D00000000000000000001               30042010000000000000000341001732                         090000544606390001104934588000000000097862009177544606390001300000000000000000002220000000000                 
1040001300124U 0600000000000000000000000000303700000000000000000000000000303700000000001518300000000000910900000000000000000000000000000015042010200420101900        000000000000000CIP COMPENSACAO               930                           
1040001300125T 0600249600300000286080D00000000000000000001               30042010000000000000000237017566                         090000544625510001104914588000000000097862009177544625510001300000000000000000002220000000000                 
1040001300126U 0600000000000000000000000001394700000000000000000000000001394700000000006973600000000004184200000000000000000000000000000015042010200420101900        000000000000000CIP COMPENSACAO               930                           
1040001300127T 0600249600300000286080D00000000000000000001               30042010000000000000000341001732                         090000544656790001104974588000000000097862009177544656790001300000000000000000002220000000000                 
1040001300128U 0600000000000000000000000000142300000000000000000000000000142300000000000711600000000000427000000000000000000000000000000015042010200420101900        000000000000000CIP COMPENSACAO               930                           
1040001300129T 0600249600300000286080D00000000000000000001               30042010000000000000000341004545                         090000545263890001104914588000000000097862009177545263890001300000000000000000002220000000000                 
1040001300130U 0600000000000000000000000001152500000000000000000000000001152500000000005762300000000003457300000000000000000000000000000015042010200420101900        000000000000000CIP COMPENSACAO               930                           
1040001300131T 0600249600300000286080D00000000000000000001               30042010000000000000000341013935                         090000545333930001104914588000000000097862009177545333930001300000000000000000002220000000000                 
1040001300132U 0600000000000000000000000000419600000000000000000000000000419600000000002098000000000001258800000000000000000000000000000015042010200420101900        000000000000000CIP COMPENSACAO               930                           
1040001300133T 0600249600300000286080D00000000000000000001               30042010000000000000000341007374                         090000545363960001104914588000000000097862009177545363960001300000000000000000002220000000000                 
1040001300134U 0600000000000000000000000000367900000000000000000000000000367900000000001839400000000001103600000000000000000000000000000015042010200420101900        000000000000000CIP COMPENSACAO               930                           
1040001300135T 0600249600300000286080D00000000000000000001               30042010000000000000000237001040                         090000545395490001104994588000000000097862009177545395490001300000000000000000002220000000000                 
1040001300136U 0600000000000000000000000000350400000000000000000000000000350400000000001752000000000001051200000000000000000000000000000015042010200420101900        000000000000000CIP COMPENSACAO               930                           
1040001300137T 0600249600300000286080D00000000000000000001               30042010000000000000000341001732                         090000545714680001104994588000000000097862009177545714680001300000000000000000002220000000000                 
1040001300138U 0600000000000000000000000000250500000000000000000000000000250500000000001252300000000000751300000000000000000000000000000015042010200420101900        000000000000000CIP COMPENSACAO               930                           
1040001300139T 0600249600300000286080D00000000000000000001               30042010000000000002743237001058                         090000545740410001104964588000000274397862008177545740410001110000000000000000002220000000000                 
1040001300140U 0600000000000000000000000000054900000000000000000000000000054900000000000274300000000000164500000000000000000000000000000015042010200420101900        000000000000000CIP COMPENSACAO               811                           
1040001300141T 0600249600300000286080D00000000000000000001               30042010000000000000000341001767                         090000545756750001104984588000000000097862009177545756750001300000000000000000002220000000000                 
1040001300142U 0600000000000000000000000000306400000000000000000000000000306400000000001531800000000000919000000000000000000000000000000015042010200420101900        000000000000000CIP COMPENSACAO               930                           
1040001300143T 0600249600300000286080D00000000000000000001               07101997000000000011364356001368                         090000546041860001104900000000001136497862009177546041860001300000000000000000002220000000000                 
1040001300144U 0600000000000000000000000000227300000000000000000000000000227300000000001136400000000000681800000000000000000000000000000015042010200420101900        000000000000000CIP COMPENSACAO               930                           
1040001300145T 0600249600300000286080D00000000000000000001               30042010000000000000000341007374                         090000546382910001104914588000000000097862009177546382910001300000000000000000002220000000000                 
1040001300146U 0600000000000000000000000000156700000000000000000000000000156700000000000783300000000000469900000000000000000000000000000015042010200420101900        000000000000000CIP COMPENSACAO               930                           
1040001300147T 0600249600300000286080D00000000000000000001               30042010000000000000000341007374                         090000546425330001104914588000000000097862009177546425330001300000000000000000002220000000000                 
1040001300148U 0600000000000000000000000000546500000000000000000000000000546500000000002732600000000001639600000000000000000000000000000015042010200420101900        000000000000000CIP COMPENSACAO               930                           
1040001300149T 0600249600300000286080D00000000000000000001               07101997000000000015197356001368                         090000546626480001104900000000001519797862009177546626480001300000000000000000002220000000000                 
1040001300150U 0600000000000000000000000000303900000000000000000000000000303900000000001519700000000000911900000000000000000000000000000015042010200420101900        000000000000000CIP COMPENSACAO               930                           
1040001300151T 0600249600300000286080D00000000000000000001               30042010000000000000000237001260                         090000547456090001104984588000000000097862009177547456090001300000000000000000002220000000000                 
1040001300152U 0600000000000000000000000000475400000000000000000000000000475400000000002377200000000001426400000000000000000000000000000015042010200420101900        000000000000000CIP COMPENSACAO               930                           
1040001300153T 0600249600300000286080D00000000000000000001               30042010000000000000000341001732                         090000547488430001104974588000000000097862009177547488430001300000000000000000002220000000000                 
1040001300154U 0600000000000000000000000000188100000000000000000000000000188100000000000940300000000000564100000000000000000000000000000015042010200420101900        000000000000000CIP COMPENSACAO               930                           
1040001300155T 0600249600300000286080D00000000000000000001               30042010000000000000000341001732                         090000547517060001104954588000000000097862009177547517060001300000000000000000002220000000000                 
1040001300156U 0600000000000000000000000000219000000000000000000000000000219000000000001095000000000000657000000000000000000000000000000015042010200420101900        000000000000000CIP COMPENSACAO               930                           
1040001300157T 0600249600300000286080D00000000000000000001               30042010000000000000000033001201                         090000549355150001104954588000000000097862009177549355150001300000000000000000002220000000000                 
1040001300158U 0600000000000000000000000000353600000000000000000000000000353600000000001767900000000001060700000000000000000000000000000015042010200420101900        000000000000000CIP COMPENSACAO               930                           
1040001300159T 0600249600300000286080D00000000000000000001               30042010000000000000000341001732                         090000549368850001104914588000000000097862009177549368850001300000000000000000002220000000000                 
1040001300160U 0600000000000000000000000000143600000000000000000000000000143600000000000718000000000000430800000000000000000000000000000015042010200420101900        000000000000000CIP COMPENSACAO               930                           
1040001300161T 0600249600300000286080D00000000000000000001               30042010000000000000000341001732                         090000549375780001104994588000000000097862009177549375780001300000000000000000002220000000000                 
1040001300162U 0600000000000000000000000000057200000000000000000000000000057200000000000286000000000000171600000000000000000000000000000015042010200420101900        000000000000000CIP COMPENSACAO               930                           
1040001300163T 0600249600300000286080D00000000000000000001               30042010000000000000000341001732                         090000549598950001104964588000000000097862009177549598950001300000000000000000002220000000000                 
1040001300164U 0600000000000000000000000000250400000000000000000000000000250400000000001252100000000000751300000000000000000000000000000015042010200420101900        000000000000000CIP COMPENSACAO               930                           
1040001300165T 0600249600300000286080D00000000000000000001               30042010000000000000000341001732                         090000552116270001104954588000000000097862009177552116270001300000000000000000002220000000000                 
1040001300166U 0600000000000000000000000000022500000000000000000000000000022500000000000112400000000000067400000000000000000000000000000015042010200420101900        000000000000000CIP COMPENSACAO               930                           
1040001300167T 0600249600300000286080D00000000000000000001               30042010000000000000000341001732                         090000552193800001104914588000000000097862009177552193800001300000000000000000002220000000000                 
1040001300168U 0600000000000000000000000000049100000000000000000000000000049100000000000245400000000000147200000000000000000000000000000015042010200420101900        000000000000000CIP COMPENSACAO               930                           
1040001300169T 0600249600300000286080D00000000000000000001               30042010000000000000000341003751                         090000552324170001104974588000000000097862009177552324170001300000000000000000002220000000000                 
1040001300170U 0600000000000000000000000000235700000000000000000000000000235700000000001178600000000000707200000000000000000000000000000015042010200420101900        000000000000000CIP COMPENSACAO               930                           
1040001300171T 0600249600300000286080D00000000000000000001               30042010000000000000000341002852                         090000552338450001104974588000000000097862009177552338450001300000000000000000002220000000000                 
1040001300172U 0600000000000000000000000000384400000000000000000000000000384400000000001922000000000001153200000000000000000000000000000015042010200420101900        000000000000000CIP COMPENSACAO               930                           
1040001300173T 0600249600300000286080D00000000000000000001               07101997000000000006939356001368                         090000553819900001104900000000000693997862009177553819900001300000000000000000002220000000000                 
1040001300174U 0600000000000000000000000000138800000000000000000000000000138800000000000693900000000000416300000000000000000000000000000015042010200420101900        000000000000000CIP COMPENSACAO               930                           
1040001300175T 0600249600300000286080D00000000000000000001               30042010000000000000000033021466                         090000553997030001104934588000000000097862009177553997030001300000000000000000002220000000000                 
1040001300176U 0600000000000000000000000003181900000000000000000000000003181900000000015909600000000009545800000000000000000000000000000015042010200420101900        000000000000000CIP COMPENSACAO               930                           
1040001300177T 0600249600300000286080D00000000000000000001               30042010000000000014808341031860                         090000556499170001104974588000001480897862008177556499170001110000000000000000002220000000000                 
1040001300178U 0600000000000000000000000000296200000000000000000000000000296200000000001480800000000000888400000000000000000000000000000015042010200420101900        000000000000000CIP COMPENSACAO               811                           
1040001300179T 0600249600300000286080D00000000000000000001               30042010000000000000000033000833                         090000557041750001104914588000000000097862009177557041750001300000000000000000002220000000000                 
1040001300180U 0600000000000000000000000000141000000000000000000000000000141000000000000705000000000000423000000000000000000000000000000015042010200420101900        000000000000000CIP COMPENSACAO               930                           
1040001300181T 0600249600300000286080D00000000000000000001               30042010000000000000000341001732                         090000562660830001104994588000000000097862009177562660830001300000000000000000002220000000000                 
1040001300182U 0600000000000000000000000000049100000000000000000000000000049100000000000245400000000000147200000000000000000000000000000015042010200420101900        000000000000000CIP COMPENSACAO               930                           
1040001300183T 0600249600300000286080D00000000000000000001               30042010000000000000000341001732                         090000570629780001104994588000000000097862009177570629780001300000000000000000002220000000000                 
1040001300184U 0600000000000000000000000000138900000000000000000000000000138900000000000694600000000000416800000000000000000000000000000015042010200420101900        000000000000000CIP COMPENSACAO               930                           
1040001300185T 0600249600300000286080D00000000000000000001               30042010000000000000000237031305                         090000571222100001104994588000000000097862009177571222100001300000000000000000002220000000000                 
1040001300186U 0600000000000000000000000000185700000000000000000000000000185700000000000928700000000000557300000000000000000000000000000015042010200420101900        000000000000000CIP COMPENSACAO               930                           
1040001300187T 0600249600300000286080D00000000000000000001               30042010000000000000000341001732                         090000571860900001104944588000000000097862009177571860900001300000000000000000002220000000000                 
1040001300188U 0600000000000000000000000000308900000000000000000000000000308900000000001544600000000000926800000000000000000000000000000015042010200420101900        000000000000000CIP COMPENSACAO               930                           
1040001300189T 0600249600300000286080D00000000000000000001               30042010000000000000000341001732                         090000573951880001104924588000000000097862009177573951880001300000000000000000002220000000000                 
1040001300190U 0600000000000000000000000000044900000000000000000000000000044900000000000224700000000000134900000000000000000000000000000015042010200420101900        000000000000000CIP COMPENSACAO               930                           
1040001300191T 0600249600300000286080D00000000000000000001               30042010000000000000000237001341                         090000577544420001104924588000000000097862009177577544420001300000000000000000002220000000000                 
1040001300192U 0600000000000000000000000000710000000000000000000000000000710000000000003550000000000002130000000000000000000000000000000015042010200420101900        000000000000000CIP COMPENSACAO               930                           
1040001300193T 0600249600300000286080D00000000000000000001               30042010000000000000000341071315                         090000577551340001104994588000000000097862009177577551340001300000000000000000002220000000000                 
1040001300194U 0600000000000000000000000000140800000000000000000000000000140800000000000704100000000000422500000000000000000000000000000015042010200420101900        000000000000000CIP COMPENSACAO               930                           
1040001300195T 0600249600300000286080D00000000000000000001               30042010000000000000000341001732                         090000580025770001104914588000000000097862009177580025770001300000000000000000002220000000000                 
1040001300196U 0600000000000000000000000000057900000000000000000000000000057900000000000289400000000000173600000000000000000000000000000015042010200420101900        000000000000000CIP COMPENSACAO               930                           
1040001300197T 0600249600300000286080D00000000000000000001               30042010000000000000000341008451                         090000584073210001104964588000000000097862009177584073210001300000000000000000002220000000000                 
1040001300198U 0600000000000000000000000001378100000000000000000000000001378100000000006890400000000004134200000000000000000000000000000015042010200420101900        000000000000000CIP COMPENSACAO               930                           
1040001300199T 0600249600300000286080D00000000000000000001               07101997000000000000000341001732                         090000589280030001104900000000000000097862009177589280030001300000000000000000002220000000000                 
1040001300200U 0600000000000000000000000000049000000000000000000000000000049000000000000245000000000000147000000000000000000000000000000015042010200420101900        000000000000000CIP COMPENSACAO               930                           
1040001300201T 0600249600300000286080D00000000000000000001               30042010000000000000000341008451                         090000590890290001104914588000000000097862009177590890290001300000000000000000002220000000000                 
1040001300202U 0600000000000000000000000000636200000000000000000000000000636200000000003181100000000001908700000000000000000000000000000015042010200420101900        000000000000000CIP COMPENSACAO               930                           
1040001300203T 0600249600300000286080D00000000000000000001               30042010000000000000000341007374                         090000592779960001104914588000000000097862009177592779960001300000000000000000002220000000000                 
1040001300204U 0600000000000000000000000000050200000000000000000000000000050200000000000251100000000000150700000000000000000000000000000015042010200420101900        000000000000000CIP COMPENSACAO               930                           
1040001300205T 0600249600300000286080D00000000000000000001               30042010000000000000000341001732                         090000605237760001104984588000000000097862009177605237760001300000000000000000002220000000000                 
1040001300206U 0600000000000000000000000000234900000000000000000000000000234900000000001174700000000000704900000000000000000000000000000015042010200420101900        000000000000000CIP COMPENSACAO               930                           
1040001300207T 0600249600300000286080D00000000000000000001               30042010000000000000000341007374                         090000605406060001104984588000000000097862009177605406060001300000000000000000002220000000000                 
1040001300208U 0600000000000000000000000000479100000000000000000000000000479100000000002395500000000001437300000000000000000000000000000015042010200420101900        000000000000000CIP COMPENSACAO               930                           
1040001300209T 0600249600300000286080D00000000000000000001               30042010000000000004694237000540                         090000613968750001104974588000000469497862008177613968750001110000000000000000002220000000000                 
1040001300210U 0600000000000000000000000000093900000000000000000000000000093900000000000469400000000000281600000000000000000000000000000015042010200420101900        000000000000000CIP COMPENSACAO               811                           
1040001300211T 0600249600300000286080D00000000000000000001               30042010000000000000000341001732                         090000615690590001104994588000000000097862009177615690590001300000000000000000002220000000000                 
1040001300212U 0600000000000000000000000000214800000000000000000000000000214800000000001074200000000000644600000000000000000000000000000015042010200420101900        000000000000000CIP COMPENSACAO               930                           
1040001300213T 0600249600300000286080D00000000000000000001               07101997000000000000000341001732                         090000615697860001104900000000000000097862009177615697860001300000000000000000002220000000000                 
1040001300214U 0600000000000000000000000000096500000000000000000000000000096500000000000482400000000000289400000000000000000000000000000015042010200420101900        000000000000000CIP COMPENSACAO               930                           
1040001300215T 0600249600300000286080D00000000000000000001               07101997000000000000000341001732                         090000618431810001104900000000000000097862009177618431810001300000000000000000002220000000000                 
1040001300216U 0600000000000000000000000000052100000000000000000000000000052100000000000260700000000000156500000000000000000000000000000015042010200420101900        000000000000000CIP COMPENSACAO               930                           
1040001300217T 0600249600300000286080D00000000000000000001               30042010000000000000000341001732                         090000618449160001104944588000000000097862009177618449160001300000000000000000002220000000000                 
1040001300218U 0600000000000000000000000000055100000000000000000000000000055100000000000275700000000000165500000000000000000000000000000015042010200420101900        000000000000000CIP COMPENSACAO               930                           
1040001300219T 0600249600300000286080D00000000000000000001               30042010000000000000000341001732                         090000641821400001104944588000000000097862009177641821400001300000000000000000002220000000000                 
1040001300220U 0600000000000000000000000000049100000000000000000000000000049100000000000245400000000000147200000000000000000000000000000015042010200420101900        000000000000000CIP COMPENSACAO               930                           
1040001300221T 0600249600300000286080D00000000000000000001               30042010000000000000000341007374                         090000641869350001104914588000000000097862009177641869350001300000000000000000002220000000000                 
1040001300222U 0600000000000000000000000000247500000000000000000000000000247500000000001237600000000000742600000000000000000000000000000015042010200420101900        000000000000000CIP COMPENSACAO               930                           
1040001300223T 0600249600300000286080D00000000000000000001               30042010000000000000000341001732                         090000650846670001104914588000000000097862009177650846670001300000000000000000002220000000000                 
1040001300224U 0600000000000000000000000000060100000000000000000000000000060100000000000300400000000000180200000000000000000000000000000015042010200420101900        000000000000000CIP COMPENSACAO               930                           
1040001300225T 0600249600300000286080D00000000000000000001               30042010000000000000000341005932                         090000655159590001104914588000000000097862009177655159590001300000000000000000002220000000000                 
1040001300226U 0600000000000000000000000000410900000000000000000000000000410900000000002054400000000001232600000000000000000000000000000015042010200420101900        000000000000000CIP COMPENSACAO               930                           
1040001300227T 0600249600300000286080D00000000000000000001               30042010000000000000000341008451                         090000657188760001104914588000000000097862009177657188760001300000000000000000002220000000000                 
1040001300228U 0600000000000000000000000000940000000000000000000000000000940000000000004700000000000002820000000000000000000000000000000015042010200420101900        000000000000000CIP COMPENSACAO               930                           
1040001300229T 0600249600300000286080D00000000000000000001               30042010000000000000000341029238                         090000660613180001104914588000000000097862009177660613180001300000000000000000002220000000000                 
1040001300230U 0600000000000000000000000000298700000000000000000000000000298700000000001493300000000000895900000000000000000000000000000015042010200420101900        000000000000000CIP COMPENSACAO               930                           
1040001300231T 0600249600300000286080D00000000000000000001               30042010000000000000000341008451                         090000666641450001104964588000000000097862009177666641450001300000000000000000002220000000000                 
1040001300232U 0600000000000000000000000000788400000000000000000000000000788400000000003942000000000002365200000000000000000000000000000015042010200420101900        000000000000000CIP COMPENSACAO               930                           
1040001300233T 0600249600300000286080D00000000000000000001               30042010000000000013878341000698                         090000671365800001104954588000001387897862008177671365800001110000000000000000002220000000000                 
1040001300234U 0600000000000000000000000000277600000000000000000000000000277600000000001387800000000000832600000000000000000000000000000015042010200420101900        000000000000000CIP COMPENSACAO               811                           
1040001300235T 0600249600300000286080D00000000000000000001               30042010000000000000000341001732                         090000676400370001104944588000000000097862009177676400370001300000000000000000002220000000000                 
1040001300236U 0600000000000000000000000000496600000000000000000000000000496600000000002482900000000001489700000000000000000000000000000015042010200420101900        000000000000000CIP COMPENSACAO               930                           
1040001300237T 0600249600300000286080D00000000000000000001               07101997000000000014074356001368                         090000678376820001104900000000001407497862009177678376820001300000000000000000002220000000000                 
1040001300238U 0600000000000000000000000000281500000000000000000000000000281500000000001407400000000000844400000000000000000000000000000015042010200420101900        000000000000000CIP COMPENSACAO               930                           
1040001300239T 0600249600300000286080D00000000000000000001               30042010000000000000000341006602                         090000679776290001104934588000000000097862009177679776290001300000000000000000002220000000000                 
1040001300240U 0600000000000000000000000000064700000000000000000000000000064700000000000323700000000000194300000000000000000000000000000015042010200420101900        000000000000000CIP COMPENSACAO               930                           
1040001300241T 0600249600300000286080D00000000000000000001               30042010000000000013078356012564                         090000679886420001104904588000001307897862008177679886420001110000000000000000002220000000000                 
1040001300242U 0600000000000000000000000000261600000000000000000000000000261600000000001307800000000000784600000000000000000000000000000015042010200420101900        000000000000000CIP COMPENSACAO               811                           
1040001300243T 0600249600300000286080D00000000000000000001               30042010000000000000000341001740                         090000684874530001104914588000000000097862009177684874530001300000000000000000002220000000000                 
1040001300244U 0600000000000000000000000000049500000000000000000000000000049500000000000247400000000000148400000000000000000000000000000015042010200420101900        000000000000000CIP COMPENSACAO               930                           
1040001300245T 0600249600300000286080D00000000000000000001               30042010000000000000000341001732                         090000691033070001104914588000000000097862009177691033070001300000000000000000002220000000000                 
1040001300246U 0600000000000000000000000000066200000000000000000000000000066200000000000331000000000000198600000000000000000000000000000015042010200420101900        000000000000000CIP COMPENSACAO               930                           
1040001300247T 0600249600300000286080D00000000000000000001               07101997000000000000000341001732                         090000691055180001104900000000000000097862009177691055180001300000000000000000002220000000000                 
1040001300248U 0600000000000000000000000000045000000000000000000000000000045000000000000225000000000000135000000000000000000000000000000015042010200420101900        000000000000000CIP COMPENSACAO               930                           
1040001300249T 0600249600300000286080D00000000000000000001               30042010000000000000000341031712                         090000691059890001104954588000000000097862009177691059890001300000000000000000002220000000000                 
1040001300250U 0600000000000000000000000000044900000000000000000000000000044900000000000224700000000000134900000000000000000000000000000015042010200420101900        000000000000000CIP COMPENSACAO               930                           
1040001300251T 0600249600300000286080D00000000000000000001               30042010000000000000000151003905                         090000691223980001104964588000000000097862009177691223980001300000000000000000002220000000000                 
1040001300252U 0600000000000000000000000000185700000000000000000000000000185700000000000928600000000000557200000000000000000000000000000015042010200420101900        000000000000000CIP COMPENSACAO               930                           
1040001300253T 0600249600300000286080D00000000000000000001               30042010000000000000000341001732                         090000692741810001104914588000000000097862009177692741810001300000000000000000002220000000000                 
1040001300254U 0600000000000000000000000000199200000000000000000000000000199200000000000996000000000000597600000000000000000000000000000015042010200420101900        000000000000000CIP COMPENSACAO               930                           
1040001300255T 0600249600300000286080D00000000000000000001               30042010000000000000000341006440                         090000692913910001104914588000000000097862009177692913910001300000000000000000002220000000000                 
1040001300256U 0600000000000000000000000000115900000000000000000000000000115900000000000579300000000000347500000000000000000000000000000015042010200420101900        000000000000000CIP COMPENSACAO               930                           
1040001300257T 0600249600300000286080D00000000000000000001               30042010000000000003634237004227                         090000719296810001104924588000000363497862008177719296810001110000000000000000002220000000000                 
1040001300258U 0600000000000000000000000000072700000000000000000000000000072700000000000363400000000000218000000000000000000000000000000015042010200420101900        000000000000000CIP COMPENSACAO               811                           
1040001300259T 0600249600300000286080D00000000000000000001               30042010000000000000000341001732                         090000734309850001104914588000000000097862009177734309850001300000000000000000002220000000000                 
1040001300260U 0600000000000000000000000000921100000000000000000000000000921100000000004605300000000002763100000000000000000000000000000015042010200420101900        000000000000000CIP COMPENSACAO               930                           
1040001300261T 0600249600300000286080D00000000000000000001               30042010000000000000000341001732                         090000738827060001104914588000000000097862009177738827060001300000000000000000002220000000000                 
1040001300262U 0600000000000000000000000000107400000000000000000000000000107400000000000536800000000000322000000000000000000000000000000015042010200420101900        000000000000000CIP COMPENSACAO               930                           
1040001300263T 0600249600300000286080D00000000000000000001               07101997000000000000000341001732                         090000739459330001104900000000000000097862009177739459330001300000000000000000002220000000000                 
1040001300264U 0600000000000000000000000000059900000000000000000000000000059900000000000299400000000000179600000000000000000000000000000015042010200420101900        000000000000000CIP COMPENSACAO               930                           
1040001300265T 0600249600300000286080D00000000000000000001               30042010000000000000000341001732                         090000739591400001104994588000000000097862009177739591400001300000000000000000002220000000000                 
1040001300266U 0600000000000000000000000000219000000000000000000000000000219000000000001095200000000000657200000000000000000000000000000015042010200420101900        000000000000000CIP COMPENSACAO               930                           
1040001300267T 0600249600300000286080D00000000000000000001               30042010000000000000000341016187                         090000739905330001104984588000000000097862009177739905330001300000000000000000002220000000000                 
1040001300268U 0600000000000000000000000000049000000000000000000000000000049000000000000244900000000000146900000000000000000000000000000015042010200420101900        000000000000000CIP COMPENSACAO               930                           
1040001300269T 0600249600300000286080D00000000000000000001               07101997000000000003283356001368                         090000740453520001104900000000000328397862009177740453520001300000000000000000002220000000000                 
1040001300270U 0600000000000000000000000000065700000000000000000000000000065700000000000328300000000000196900000000000000000000000000000015042010200420101900        000000000000000CIP COMPENSACAO               930                           
1040001300271T 0600249600300000286080D00000000000000000001               30042010000000000000000341001732                         090000867038080001104914588000000000097862009177867038080001300000000000000000002220000000000                 
1040001300272U 0600000000000000000000000000089800000000000000000000000000089800000000000449000000000000269400000000000000000000000000000015042010200420101900        000000000000000CIP COMPENSACAO               930                           
1040001300273T 0600249600300000286080D00000000000000000001               30042010000000000000000104002623                         090000031177240001104964588000000000097862009177031177240001300000000000000000002180000000000                 
1040001300274U 0600000000000000000000000000190800000000000000000000000000190800000000000953900000000000572300000000000000000000000000000016042010200420101100        000000000000000AUTOMACAO                     930                           
1040001300275T 0600249600300000286080D00000000000000000001               30042010000000000003617104002720                         090000610587070001104914588000000361797862008177610587070001110000000000000000002180000000000                 
1040001300276U 0600000000000000000000000000072300000000000000000000000000072300000000000361700000000000217100000000000000000000000000000016042010200420101100        000000000000000AUTOMACAO                     811                           
1040001300277T 0600249600300000286080D00000000000000000001               30042010000000000000000104031178                         090000610665280001104924588000000000097862009177610665280001300000000000000000001090000000000                 
1040001300278U 0600000000000000000000000000076400000000000000000000000000076400000000000382000000000000229200000000000000000000000000000016042010200420101700        000000000000000LOTERICOS SISPL               930                           
1040001300279T 0600249600300000286080D00000000000000000001               30042010000000000000000104041505                         090000671307160001104914588000000000097862009177671307160001300000000000000000002180000000000                 
1040001300280U 0600000000000000000000000000189800000000000000000000000000189800000000000949200000000000569600000000000000000000000000000016042010200420101100        000000000000000AUTOMACAO                     930                           
1040001300281T 0600249600300000286080D00000000000000000001               30042010000000000000000104002364                         090000732467040001104954588000000000097862009177732467040001300000000000000000002180000000000                 
1040001300282U 0600000000000000000000000000043000000000000000000000000000043000000000000215000000000000129000000000000000000000000000000016042010200420101100        000000000000000AUTOMACAO                     930                           
10400015         00028200000000000000000000000000000000000000000000000000000000000000000000000000000000000001258861                           00000000000000000000000000000                                                                     
10499999         000001000286000000000              00000 000000000000                                                                        00000000000000000000000000000                                                                     
