10400000         243070481000114186200              00249600300000286080SINEMPEDIFPORTCAB MUN SP      CAIXA ECONOMICA FEDERAL                 22705201004291700127706000000                                                                     
10400011T01  030 2043070481000114186200              00249600300000286080SINEMPEDIFPORTCAB MUN SP      200501                                  000000                                  000000002705201000000000                                 
1040001300001T 0600249600300000286080D00000000000000000001               31052010000000000000000237020044                         090000001138640001104964619000000000097862009177001138640001300000000000000000002220000000000                 
1040001300002U 0600000000000000000000000000105000000000000000000000000000105000000000000525000000000000315000000000000000000000000000000024052010270520101900        000000000000000CIP COMPENSACAO               930                           
1040001300003T 0600249600300000286080D00000000000000000001               31052010000000000014152341002623                         090000538362760001104994619000001415297862008177538362760001110000000000000000002220000000000                 
1040001300004U 0600000000000000000000000000283000000000000000000000000000283000000000001415200000000000849200000000000000000000000000000024052010270520101900        000000000000000CIP COMPENSACAO               811                           
1040001300005T 0600249600300000286080D00000000000000000001               30042010000000000000000104011550                         090000542028580001104964588000000000097862009177542028580001300000000000000000002180000000000                 
1040001300006U 0600000000000000000000000000546500000000000000000000000000546500000000002732600000000001639600000000000000000000000000000024052010270520102100        000000000000000AUTOMACAO                     930                           
1040001300007T 0600249600300000286080D00000000000000000001               31052010000000000017997341002623                         090000542780490001104964619000001799797862008177542780490001110000000000000000002220000000000                 
1040001300008U 0600000000000000000000000000359900000000000000000000000000359900000000001799700000000001079900000000000000000000000000000024052010270520101900        000000000000000CIP COMPENSACAO               811                           
1040001300009T 0600249600300000286080D00000000000000000001               28052010000000000002350341001384                         090000542792450001104944616000000235097862005177542792450001510000000000000000002220000000000                 
1040001300010U 0600000000000000000000000000047000000000000000000000000000047000000000000235000000000000141000000000000000000000000000000024052010270520101900        000000000000000CIP COMPENSACAO               551                           
1040001300011T 0600249600300000286080D00000000000000000001               31052010000000000033489341002623                         090000544641850001104964619000003348997862008177544641850001110000000000000000002220000000000                 
1040001300012U 0600000000000000000000000000669800000000000000000000000000669800000000003348900000000002009300000000000000000000000000000024052010270520101900        000000000000000CIP COMPENSACAO               811                           
1040001300013T 0600249600300000286080D00000000000000000001               31052010000000000010317341002623                         090000547447840001104914619000001031797862008177547447840001110000000000000000002220000000000                 
1040001300014U 0600000000000000000000000000206300000000000000000000000000206300000000001031700000000000619100000000000000000000000000000024052010270520101900        000000000000000CIP COMPENSACAO               811                           
1040001300015T 0600249600300000286080D00000000000000000001               31052010000000000002700341000671                         090000614085480001104954619000000270097862008177614085480001110000000000000000002220000000000                 
1040001300016U 0600000000000000000000000000054000000000000000000000000000054000000000000270000000000000162000000000000000000000000000000024052010270520101900        000000000000000CIP COMPENSACAO               811                           
1040001300017T 0600249600300000286080D00000000000000000001               31052010000000000016623341002623                         090000660543880001104914619000001662397862008177660543880001110000000000000000002220000000000                 
1040001300018U 0600000000000000000000000000332500000000000000000000000000332500000000001662300000000000997300000000000000000000000000000024052010270520101900        000000000000000CIP COMPENSACAO               811                           
1040001300019T 0600249600300000286080D00000000000000000001               30042010000000000000000104002380                         090000031590260001104944588000000000097862009177031590260001300000000000000000002180000000000                 
1040001300020U 0600000000000000000000000000120000000000000000000000000000120000000000000600200000000000360200000000000000000000000000000025052010270520101100        000000000000000AUTOMACAO                     930                           
1040001300021T 0600249600300000286080D00000000000000000001               30042010000000000000000104031933                         090000540717410001104934588000000000097862009177540717410001300000000000000000002180000000000                 
1040001300022U 0600000000000000000000000000413100000000000000000000000000413100000000002065600000000001239400000000000000000000000000000025052010270520101100        000000000000000AUTOMACAO                     930                           
1040001300023T 0600249600300000286080D00000000000000000001               30042010000000000000000104031933                         090000640353890001104974588000000000097862009177640353890001300000000000000000002180000000000                 
1040001300024U 0600000000000000000000000000439000000000000000000000000000439000000000002195000000000001317000000000000000000000000000000025052010270520101100        000000000000000AUTOMACAO                     930                           
1040001300025T 0600249600300000286080D00000000000000000001               30052010000000000002570104030333                         090000647245520001104914618000000257097862005177647245520001510000000000000000002180000000000                 
1040001300026U 0600000000000000000000000000051400000000000000000000000000051400000000000257000000000000154200000000000000000000000000000025052010270520101100        000000000000000AUTOMACAO                     551                           
1040001300027T 0600249600300000286080D00000000000000000001               30042010000000000000000104040770                         090000650826380001104944588000000000097862009177650826380001300000000000000000002180000000000                 
1040001300028U 0600000000000000000000000000104300000000000000000000000000104300000000000521700000000000313100000000000000000000000000000025052010270520101100        000000000000000AUTOMACAO                     930                           
10400015         00002800000000000000000000000000000000000000000000000000000000000000000000000000000000000000111963                           00000000000000000000000000000                                                                     
10499999         000001000032000000000              00000 000000000000                                                                        00000000000000000000000000000                                                                     
