10400000         243070481000114186200              00249600300000286080SINEMPEDIFPORTCAB MUN SP      CAIXA ECONOMICA FEDERAL                 23103201004274800123806000000                                                                     
10400011T01  030 2043070481000114186200              00249600300000286080SINEMPEDIFPORTCAB MUN SP      200501                                  000000                                  000000003103201000000000                                 
1040001300001T 0600249600300000286080D00000000000000000001               29012010000000000009187104010049                         090000107251420001104914497000000918797862008177107251420001110000000000000000002180000000000                 
1040001300002U 0600000000000119400000000000183700000000000000000000000000183700000000001038100000000000670700000000000000000000000000000026032010310320102100        000000000000000AUTOMACAO                     811                           
1040001300003T 0600249600300000286080D00000000000000000001               30042010000000000002449399003336                         090000692791070001104974588000000244997862008177692791070001110000000000000000002220000000000                 
1040001300004U 0600000000000000000000000000049000000000000000000000000000049000000000000244900000000000146900000000000000000000000000000026032010310320101900        000000000000000CIP COMPENSACAO               811                           
1040001300005T 0600249600300000286080D00000000000000000001               30032010000000000019011104028800                         090000110098310001104914557000001901197862008177110098310001110000000000000000002180000000000                 
1040001300006U 0600000000000000000000000000380200000000000000000000000000380200000000001901100000000001140700000000000000000000000000000029032010310320101100        000000000000000AUTOMACAO                     811                           
1040001300007T 0600249600300000286080D00000000000000000001               30032010000000000017223104028800                         090000113211420001104914557000001722397862008177113211420001110000000000000000002180000000000                 
1040001300008U 0600000000000000000000000000344500000000000000000000000000344500000000001722300000000001033300000000000000000000000000000029032010310320101100        000000000000000AUTOMACAO                     811                           
10400015         00000800000000000000000000000000000000000000000000000000000000000000000000000000000000000000029916                           00000000000000000000000000000                                                                     
10499999         000001000012000000000              00000 000000000000                                                                        00000000000000000000000000000                                                                     
