10400000         243070481000114186200              00249600300000286080SINEMPEDIFPORTCAB MUN SP      CAIXA ECONOMICA FEDERAL                 21904201004401100125006000000                                                                     
10400011T01  030 2043070481000114186200              00249600300000286080SINEMPEDIFPORTCAB MUN SP      200501                                  000000                                  000000001904201000000000                                 
1040001300001T 0600249600300000286080D00000000000000000001               30042010000000000000000237005509                         090000000749330001104994588000000000097862009177000749330001300000000000000000002220000000000                 
1040001300002U 0600000000000000000000000000535000000000000000000000000000535000000000002675200000000001605200000000000000000000000000000014042010190420101900        000000000000000CIP COMPENSACAO               930                           
1040001300003T 0600249600300000286080D00000000000000000001               30042010000000000000000237005509                         090000001945600001104914588000000000097862009177001945600001300000000000000000002220000000000                 
1040001300004U 0600000000000000000000000000383900000000000000000000000000383900000000001919300000000001151500000000000000000000000000000014042010190420101900        000000000000000CIP COMPENSACAO               930                           
1040001300005T 0600249600300000286080D00000000000000000001               30042010000000000000000341007927                         090000002190710665104914588000000000097862009177002190710665300000000000000000002220000000000                 
1040001300006U 0600000000000000000000000000211500000000000000000000000000211500000000001057700000000000634700000000000000000000000000000014042010190420101900        000000000000000CIP COMPENSACAO               930                           
1040001300007T 0600249600300000286080D00000000000000000001               30042010000000000000000237005509                         090000009127560001104914588000000000097862009177009127560001300000000000000000002220000000000                 
1040001300008U 0600000000000000000000000000114800000000000000000000000000114800000000000574000000000000344400000000000000000000000000000014042010190420101900        000000000000000CIP COMPENSACAO               930                           
1040001300009T 0600249600300000286080D00000000000000000001               30042010000000000000000341007650                         090000009488520001104914588000000000097862009177009488520001300000000000000000002220000000000                 
1040001300010U 0600000000000000000000000000104900000000000000000000000000104900000000000524300000000000314500000000000000000000000000000014042010190420101900        000000000000000CIP COMPENSACAO               930                           
1040001300011T 0600249600300000286080D00000000000000000001               30042010000000000000000341005932                         090000011559080001104914588000000000097862009177011559080001300000000000000000002220000000000                 
1040001300012U 0600000000000000000000000000049100000000000000000000000000049100000000000245300000000000147100000000000000000000000000000014042010190420101900        000000000000000CIP COMPENSACAO               930                           
1040001300013T 0600249600300000286080D00000000000000000001               30042010000000000002245237008370                         090000013448870001104914588000000224597862008177013448870001110000000000000000002220000000000                 
1040001300014U 0600000000000000000000000000044900000000000000000000000000044900000000000224500000000000134700000000000000000000000000000014042010190420101900        000000000000000CIP COMPENSACAO               811                           
1040001300015T 0600249600300000286080D00000000000000000001               30042010000000000000000237005509                         090000023959620001104974588000000000097862009177023959620001300000000000000000002220000000000                 
1040001300016U 0600000000000000000000000000095900000000000000000000000000095900000000000479600000000000287800000000000000000000000000000014042010190420101900        000000000000000CIP COMPENSACAO               930                           
1040001300017T 0600249600300000286080D00000000000000000001               30042010000000000000000341003603                         090000025764090001104914588000000000097862009177025764090001300000000000000000002220000000000                 
1040001300018U 0600000000000000000000000000093900000000000000000000000000093900000000000469400000000000281600000000000000000000000000000014042010190420101900        000000000000000CIP COMPENSACAO               930                           
1040001300019T 0600249600300000286080D00000000000000000001               30042010000000000000000001057177                         090000028343920001104954588000000000097862009177028343920001300000000000000000002220000000000                 
1040001300020U 0600000000000000000000000000053000000000000000000000000000053000000000000265000000000000159000000000000000000000000000000014042010190420101900        000000000000000CIP COMPENSACAO               930                           
1040001300021T 0600249600300000286080D00000000000000000001               30042010000000000000000341004677                         090000042855430001104914588000000000097862009177042855430001300000000000000000002220000000000                 
1040001300022U 0600000000000000000000000000060300000000000000000000000000060300000000000301600000000000181000000000000000000000000000000014042010190420101900        000000000000000CIP COMPENSACAO               930                           
1040001300023T 0600249600300000286080D00000000000000000001               30042010000000000000000237005509                         090000044902620001104984588000000000097862009177044902620001300000000000000000002220000000000                 
1040001300024U 0600000000000000000000000000393100000000000000000000000000393100000000001965300000000001179100000000000000000000000000000014042010190420101900        000000000000000CIP COMPENSACAO               930                           
1040001300025T 0600249600300000286080D00000000000000000001               30042010000000000000000341016608                         090000051629170001104934588000000000097862009177051629170001300000000000000000002220000000000                 
1040001300026U 0600000000000000000000000000118700000000000000000000000000118700000000000593600000000000356200000000000000000000000000000014042010190420101900        000000000000000CIP COMPENSACAO               930                           
1040001300027T 0600249600300000286080D00000000000000000001               30042010000000000000000237005509                         090000055966310001104964588000000000097862009177055966310001300000000000000000002220000000000                 
1040001300028U 0600000000000000000000000000418600000000000000000000000000418600000000002092800000000001255600000000000000000000000000000014042010190420101900        000000000000000CIP COMPENSACAO               930                           
1040001300029T 0600249600300000286080D00000000000000000001               30042010000000000000000399003190                         090000061278050001104934588000000000097862009177061278050001300000000000000000002220000000000                 
1040001300030U 0600000000000000000000000000155100000000000000000000000000155100000000000775500000000000465300000000000000000000000000000014042010190420101900        000000000000000CIP COMPENSACAO               930                           
1040001300031T 0600249600300000286080D00000000000000000001               30042010000000000000000409008486                         090000071189260001104934588000000000097862009177071189260001300000000000000000002220000000000                 
1040001300032U 0600000000000000000000000000049000000000000000000000000000049000000000000244900000000000146900000000000000000000000000000014042010190420101900        000000000000000CIP COMPENSACAO               930                           
1040001300033T 0600249600300000286080D00000000000000000001               30042010000000000000000237005509                         090000071637810001104914588000000000097862009177071637810001300000000000000000002220000000000                 
1040001300034U 0600000000000000000000000000288700000000000000000000000000288700000000001443700000000000866300000000000000000000000000000014042010190420101900        000000000000000CIP COMPENSACAO               930                           
1040001300035T 0600249600300000286080D00000000000000000001               30042010000000000000000237005509                         090000071905320001104944588000000000097862009177071905320001300000000000000000002220000000000                 
1040001300036U 0600000000000000000000000000056700000000000000000000000000056700000000000283300000000000169900000000000000000000000000000014042010190420101900        000000000000000CIP COMPENSACAO               930                           
1040001300037T 0600249600300000286080D00000000000000000001               30042010000000000000000341005347                         090000076152610001104954588000000000097862009177076152610001300000000000000000002220000000000                 
1040001300038U 0600000000000000000000000000024500000000000000000000000000024500000000000122600000000000073600000000000000000000000000000014042010190420101900        000000000000000CIP COMPENSACAO               930                           
1040001300039T 0600249600300000286080D00000000000000000001               30042010000000000000000033006637                         090000105467670001104954588000000000097862009177105467670001300000000000000000002220000000000                 
1040001300040U 0600000000000000000000000000302300000000000000000000000000302300000000001511500000000000906900000000000000000000000000000014042010190420101900        000000000000000CIP COMPENSACAO               930                           
1040001300041T 0600249600300000286080D00000000000000000001               30042010000000000004694341074357                         090000108816410001104964588000000469497862008177108816410001110000000000000000002220000000000                 
1040001300042U 0600000000000000000000000000093900000000000000000000000000093900000000000469400000000000281600000000000000000000000000000014042010190420101900        000000000000000CIP COMPENSACAO               811                           
1040001300043T 0600249600300000286080D00000000000000000001               30042010000000000000000341010170                         090000538201220001104934588000000000097862009177538201220001300000000000000000002220000000000                 
1040001300044U 0600000000000000000000000000232700000000000000000000000000232700000000001163300000000000697900000000000000000000000000000014042010190420101900        000000000000000CIP COMPENSACAO               930                           
1040001300045T 0600249600300000286080D00000000000000000001               30042010000000000000000341002372                         090000538269880001104914588000000000097862009177538269880001300000000000000000002220000000000                 
1040001300046U 0600000000000000000000000000692200000000000000000000000000692200000000003461200000000002076800000000000000000000000000000014042010190420101900        000000000000000CIP COMPENSACAO               930                           
1040001300047T 0600249600300000286080D00000000000000000001               30042010000000000000000237005509                         090000538356660001104954588000000000097862009177538356660001300000000000000000002220000000000                 
1040001300048U 0600000000000000000000000000049000000000000000000000000000049000000000000244900000000000146900000000000000000000000000000014042010190420101900        000000000000000CIP COMPENSACAO               930                           
1040001300049T 0600249600300000286080D00000000000000000001               30042010000000000000000237005509                         090000540235930001104944588000000000097862009177540235930001300000000000000000002220000000000                 
1040001300050U 0600000000000000000000000000530200000000000000000000000000530200000000002650900000000001590500000000000000000000000000000014042010190420101900        000000000000000CIP COMPENSACAO               930                           
1040001300051T 0600249600300000286080D00000000000000000001               30042010000000000000000237005509                         090000543224250001104984588000000000097862009177543224250001300000000000000000002220000000000                 
1040001300052U 0600000000000000000000000000053500000000000000000000000000053500000000000267700000000000160700000000000000000000000000000014042010190420101900        000000000000000CIP COMPENSACAO               930                           
1040001300053T 0600249600300000286080D00000000000000000001               30042010000000000000000237005509                         090000543250970001104954588000000000097862009177543250970001300000000000000000002220000000000                 
1040001300054U 0600000000000000000000000000402100000000000000000000000000402100000000002010300000000001206100000000000000000000000000000014042010190420101900        000000000000000CIP COMPENSACAO               930                           
1040001300055T 0600249600300000286080D00000000000000000001               30042010000000000036964356007064                         090000544865190001104904588000003696497862008177544865190001110000000000000000002220000000000                 
1040001300056U 0600000000000000000000000000739300000000000000000000000000739300000000003696400000000002217800000000000000000000000000000014042010190420101900        000000000000000CIP COMPENSACAO               811                           
1040001300057T 0600249600300000286080D00000000000000000001               30042010000000000000000341031704                         090000546417900001104934588000000000097862009177546417900001300000000000000000002220000000000                 
1040001300058U 0600000000000000000000000000110300000000000000000000000000110300000000000551700000000000331100000000000000000000000000000014042010190420101900        000000000000000CIP COMPENSACAO               930                           
1040001300059T 0600249600300000286080D00000000000000000001               30042010000000000000000341006688                         090000549585170001104954588000000000097862009177549585170001300000000000000000002220000000000                 
1040001300060U 0600000000000000000000000000358500000000000000000000000000358500000000001792700000000001075700000000000000000000000000000014042010190420101900        000000000000000CIP COMPENSACAO               930                           
1040001300061T 0600249600300000286080D00000000000000000001               30042010000000000000000237017892                         090000552221780001104914588000000000097862009177552221780001300000000000000000002220000000000                 
1040001300062U 0600000000000000000000000000472300000000000000000000000000472300000000002361700000000001417100000000000000000000000000000014042010190420101900        000000000000000CIP COMPENSACAO               930                           
1040001300063T 0600249600300000286080D00000000000000000001               30042010000000000000000341001678                         090000558059230001104944588000000000097862009177558059230001300000000000000000002220000000000                 
1040001300064U 0600000000000000000000000000310400000000000000000000000000310400000000001551800000000000931000000000000000000000000000000014042010190420101900        000000000000000CIP COMPENSACAO               930                           
1040001300065T 0600249600300000286080D00000000000000000001               30042010000000000000000001048666                         090000565698250001104974588000000000097862009177565698250001300000000000000000002220000000000                 
1040001300066U 0600000000000000000000000000057200000000000000000000000000057200000000000286100000000000171700000000000000000000000000000014042010190420101900        000000000000000CIP COMPENSACAO               930                           
1040001300067T 0600249600300000286080D00000000000000000001               30042010000000000004594341007099                         090000569998650001104934588000000459497862008177569998650001110000000000000000002220000000000                 
1040001300068U 0600000000000000000000000000091900000000000000000000000000091900000000000459400000000000275600000000000000000000000000000014042010190420101900        000000000000000CIP COMPENSACAO               811                           
1040001300069T 0600249600300000286080D00000000000000000001               30042010000000000104544237000914                         090000576539660001104994588000010454497862009177576539660001490000000000000000002220000000000                 
1040001300070U 0600000000000000000000000002090900000000000000000000000002090900000000010454400000000006272600000000000000000000000000000014042010190420101900        000000000000000CIP COMPENSACAO               949                           
1040001300071T 0600249600300000286080D00000000000000000001               30042010000000000000000237005509                         090000578635570001104914588000000000097862009177578635570001300000000000000000002220000000000                 
1040001300072U 0600000000000000000000000000763700000000000000000000000000763700000000003818300000000002290900000000000000000000000000000014042010190420101900        000000000000000CIP COMPENSACAO               930                           
1040001300073T 0600249600300000286080D00000000000000000001               30042010000000000000000341031712                         090000584081540001104914588000000000097862009177584081540001300000000000000000002220000000000                 
1040001300074U 0600000000000000000000000000116400000000000000000000000000116400000000000581800000000000349000000000000000000000000000000014042010190420101900        000000000000000CIP COMPENSACAO               930                           
1040001300075T 0600249600300000286080D00000000000000000001               30042010000000000023044341003557                         090000594885930001104914588000002304497862009177594885930001600000000000000000002220000000000                 
1040001300076U 0600000000000000000000000000460900000000000000000000000000460900000000002304400000000001382600000000000000000000000000000014042010190420101900        000000000000000CIP COMPENSACAO               960                           
1040001300077T 0600249600300000286080D00000000000000000001               30042010000000000000000237005509                         090000595751000001104934588000000000097862009177595751000001300000000000000000002220000000000                 
1040001300078U 0600000000000000000000000000456200000000000000000000000000456200000000002280900000000001368500000000000000000000000000000014042010190420101900        000000000000000CIP COMPENSACAO               930                           
1040001300079T 0600249600300000286080D00000000000000000001               30042010000000000000000341016640                         090000613682050001104974588000000000097862009177613682050001300000000000000000002220000000000                 
1040001300080U 0600000000000000000000000000048700000000000000000000000000048700000000000243600000000000146200000000000000000000000000000014042010190420101900        000000000000000CIP COMPENSACAO               930                           
1040001300081T 0600249600300000286080D00000000000000000001               07101997000000000020899356001368                         090000625780670001104900000000002089997862009177625780670001300000000000000000002220000000000                 
1040001300082U 0600000000000000000000000000418000000000000000000000000000418000000000002089900000000001253900000000000000000000000000000014042010190420101900        000000000000000CIP COMPENSACAO               930                           
1040001300083T 0600249600300000286080D00000000000000000001               07101997000000000000000341001708                         090000641868510001104900000000000000097862008177641868510001120000000000000000002220000000000                 
1040001300084U 0600000000000000000000000000348900000000000000000000000000348900000000001744700000000001046900000000000000000000000000000014042010190420101900        000000000000000CIP COMPENSACAO               812                           
1040001300085T 0600249600300000286080D00000000000000000001               30042010000000000000000237004740                         090000655865290001104934588000000000097862009177655865290001300000000000000000002220000000000                 
1040001300086U 0600000000000000000000000000618200000000000000000000000000618200000000003091000000000001854600000000000000000000000000000014042010190420101900        000000000000000CIP COMPENSACAO               930                           
1040001300087T 0600249600300000286080D00000000000000000001               30042010000000000000000237005509                         090000671342210001104984588000000000097862009177671342210001300000000000000000002220000000000                 
1040001300088U 0600000000000000000000000000135200000000000000000000000000135200000000000676000000000000405600000000000000000000000000000014042010190420101900        000000000000000CIP COMPENSACAO               930                           
1040001300089T 0600249600300000286080D00000000000000000001               30042010000000000000000237020036                         090000691301850001104914588000000000097862009177691301850001300000000000000000002220000000000                 
1040001300090U 0600000000000000000000000000093900000000000000000000000000093900000000000469400000000000281600000000000000000000000000000014042010190420101900        000000000000000CIP COMPENSACAO               930                           
1040001300091T 0600249600300000286080D00000000000000000001               30042010000000000024101104013609                         090000052305320001104974588000002410197862008177052305320001110000000000000000002180000000000                 
1040001300092U 0600000000000000000000000000482000000000000000000000000000482000000000002410100000000001446100000000000000000000000000000015042010190420101100        000000000000000AUTOMACAO                     811                           
1040001300093T 0600249600300000286080D00000000000000000001               30042010000000000000000104002526                         090000084745440001104994588000000000097862009177084745440001300000000000000000001090000000000                 
1040001300094U 0600000000000000000000000000049100000000000000000000000000049100000000000245400000000000147200000000000000000000000000000015042010190420101700        000000000000000LOTERICOS SISPL               930                           
1040001300095T 0600249600300000286080D00000000000000000001               30042010000000000032932104013609                         090000101985400001104914588000003293297862008177101985400001110000000000000000002180000000000                 
1040001300096U 0600000000000000000000000000658600000000000000000000000000658600000000003293200000000001976000000000000000000000000000000015042010190420101100        000000000000000AUTOMACAO                     811                           
1040001300097T 0600249600300000286080D00000000000000000001               30042010000000000002697104013714                         090000547844180001104914588000000269797862009177547844180001430000000000000000001090000000000                 
1040001300098U 0600000000000000000000000000053900000000000000000000000000053900000000000269700000000000161900000000000000000000000000000015042010190420101700        000000000000000LOTERICOS SISPL               943                           
1040001300099T 0600249600300000286080D00000000000000000001               30042010000000000000000104002526                         090000578524770001104924588000000000097862009177578524770001300000000000000000001090000000000                 
1040001300100U 0600000000000000000000000000249700000000000000000000000000249700000000001248700000000000749300000000000000000000000000000015042010190420101700        000000000000000LOTERICOS SISPL               930                           
1040001300101T 0600249600300000286080D00000000000000000001               30042009000000000001550104002399                         090000679778190001104924223000000155097862008177679778190001110000000000000000002180000000000                 
1040001300102U 0600000000000078700000000000031000000000000000000000000000031000000000000233700000000000171700000000000000000000000000000015042010190420101100        000000000000000AUTOMACAO                     811                           
1040001300103T 0600249600300000286080D00000000000000000001               30042008000000000001383104002399                         090000679778190001104923858000000138397862008177679778190001110000000000000000002180000000000                 
1040001300104U 0600000000000138800000000000027700000000000000000000000000027700000000000277100000000000221700000000000000000000000000000015042010190420101100        000000000000000AUTOMACAO                     811                           
1040001300105T 0600249600300000286080D00000000000000000001               30042010000000000001700104002399                         090000679778190001104974588000000170097862008177679778190001110000000000000000002180000000000                 
1040001300106U 0600000000000000000000000000034000000000000000000000000000034000000000000170000000000000102000000000000000000000000000000015042010190420101100        000000000000000AUTOMACAO                     811                           
10400015         00010600000000000000000000000000000000000000000000000000000000000000000000000000000000000000448701                           00000000000000000000000000000                                                                     
10499999         000001000110000000000              00000 000000000000                                                                        00000000000000000000000000000                                                                     
