10400000         243070481000114186200              00249600300000286080SINEMPEDIFPORTCAB MUN SP      CAIXA ECONOMICA FEDERAL                 21404201003301600124706000000                                                                     
10400011T01  030 2043070481000114186200              00249600300000286080SINEMPEDIFPORTCAB MUN SP      200501                                  000000                                  000000001404201000000000                                 
1040001300001T 0600249600300000286080D00000000000000000001               30042010000000000000000341002852                         090000002190112867104914588000000000097862009177002190112867300000000000000000002220000000000                 
1040001300002U 0600000000000000000000000000079500000000000000000000000000079500000000000397600000000000238600000000000000000000000000000009042010140420101900        000000000000000CIP COMPENSACAO               930                           
1040001300003T 0600249600300000286080D00000000000000000001               30042010000000000000000341002852                         090000002190112868104964588000000000097862009177002190112868300000000000000000002220000000000                 
1040001300004U 0600000000000000000000000000208600000000000000000000000000208600000000001043200000000000626000000000000000000000000000000009042010140420101900        000000000000000CIP COMPENSACAO               930                           
1040001300005T 0600249600300000286080D00000000000000000001               30042010000000000000000341002852                         090000002190117785104914588000000000097862009177002190117785300000000000000000002220000000000                 
1040001300006U 0600000000000000000000000000284400000000000000000000000000284400000000001422100000000000853300000000000000000000000000000009042010140420101900        000000000000000CIP COMPENSACAO               930                           
1040001300007T 0600249600300000286080D00000000000000000001               30042010000000000000000341002852                         090000002190121774104914588000000000097862009177002190121774300000000000000000002220000000000                 
1040001300008U 0600000000000000000000000000038600000000000000000000000000038600000000000193200000000000116000000000000000000000000000000009042010140420101900        000000000000000CIP COMPENSACAO               930                           
1040001300009T 0600249600300000286080D00000000000000000001               30042010000000000000000341002852                         090000002190213480104934588000000000097862009177002190213480300000000000000000002220000000000                 
1040001300010U 0600000000000000000000000000089500000000000000000000000000089500000000000447500000000000268500000000000000000000000000000009042010140420101900        000000000000000CIP COMPENSACAO               930                           
1040001300011T 0600249600300000286080D00000000000000000001               30042010000000000000000341002852                         090000002190215643104974588000000000097862009177002190215643300000000000000000002220000000000                 
1040001300012U 0600000000000000000000000000341200000000000000000000000000341200000000001705900000000001023500000000000000000000000000000009042010140420101900        000000000000000CIP COMPENSACAO               930                           
1040001300013T 0600249600300000286080D00000000000000000001               30042010000000000000000341002852                         090000002190215644104934588000000000097862009177002190215644300000000000000000002220000000000                 
1040001300014U 0600000000000000000000000000125400000000000000000000000000125400000000000627100000000000376300000000000000000000000000000009042010140420101900        000000000000000CIP COMPENSACAO               930                           
1040001300015T 0600249600300000286080D00000000000000000001               30042010000000000000000399003336                         090000007979830001104914588000000000097862009177007979830001300000000000000000002220000000000                 
1040001300016U 0600000000000000000000000000044900000000000000000000000000044900000000000224500000000000134700000000000000000000000000000009042010140420101900        000000000000000CIP COMPENSACAO               930                           
1040001300017T 0600249600300000286080D00000000000000000001               30042010000000000000000356008974                         090000012319360001104904588000000000097862009177012319360001300000000000000000002220000000000                 
1040001300018U 0600000000000000000000000000261000000000000000000000000000261000000000001305000000000000783000000000000000000000000000000009042010140420101900        000000000000000CIP COMPENSACAO               930                           
1040001300019T 0600249600300000286080D00000000000000000001               30042010000000000002667341008850                         090000072133710001104964588000000266797862008177072133710001110000000000000000002220000000000                 
1040001300020U 0600000000000000000000000000053300000000000000000000000000053300000000000266700000000000160100000000000000000000000000000009042010140420101900        000000000000000CIP COMPENSACAO               811                           
1040001300021T 0600249600300000286080D00000000000000000001               30042010000000000000000341055905                         090000094713000001104974588000000000097862009177094713000001300000000000000000002220000000000                 
1040001300022U 0600000000000000000000000000307800000000000000000000000000307800000000001539100000000000923500000000000000000000000000000009042010140420101900        000000000000000CIP COMPENSACAO               930                           
1040001300023T 0600249600300000286080D00000000000000000001               30042010000000000000000653000019                         090000487657960001104914588000000000097862009177487657960001300000000000000000002220000000000                 
1040001300024U 0600000000000000000000000000169100000000000000000000000000169100000000000845400000000000507200000000000000000000000000000009042010140420101900        000000000000000CIP COMPENSACAO               930                           
1040001300025T 0600249600300000286080D00000000000000000001               30042010000000000000000341001856                         090000538193710001104954588000000000097862009177538193710001300000000000000000002220000000000                 
1040001300026U 0600000000000000000000000000382700000000000000000000000000382700000000001913600000000001148200000000000000000000000000000009042010140420101900        000000000000000CIP COMPENSACAO               930                           
1040001300027T 0600249600300000286080D00000000000000000001               30042010000000000000000341001520                         090000538363420001104934588000000000097862009177538363420001300000000000000000002220000000000                 
1040001300028U 0600000000000000000000000000438200000000000000000000000000438200000000002191000000000001314600000000000000000000000000000009042010140420101900        000000000000000CIP COMPENSACAO               930                           
1040001300029T 0600249600300000286080D00000000000000000001               30042010000000000024097341003999                         090000539922360001104994588000002409797862008177539922360001110000000000000000002220000000000                 
1040001300030U 0600000000000000000000000000481900000000000000000000000000481900000000002409700000000001445900000000000000000000000000000009042010140420101900        000000000000000CIP COMPENSACAO               811                           
1040001300031T 0600249600300000286080D00000000000000000001               30042010000000000003144409000957                         090000542060730001104914588000000314497862008177542060730001110000000000000000002220000000000                 
1040001300032U 0600000000000000000000000000062900000000000000000000000000062900000000000314400000000000188600000000000000000000000000000009042010140420101900        000000000000000CIP COMPENSACAO               811                           
1040001300033T 0600249600300000286080D00000000000000000001               30042010000000000000000341000485                         090000543231910001104924588000000000097862009177543231910001300000000000000000002220000000000                 
1040001300034U 0600000000000000000000000000872000000000000000000000000000872000000000004360000000000002616000000000000000000000000000000009042010140420101900        000000000000000CIP COMPENSACAO               930                           
1040001300035T 0600249600300000286080D00000000000000000001               30042010000000000000000341007757                         090000546416180001104924588000000000097862009177546416180001300000000000000000002220000000000                 
1040001300036U 0600000000000000000000000000204400000000000000000000000000204400000000001021800000000000613000000000000000000000000000000009042010140420101900        000000000000000CIP COMPENSACAO               930                           
1040001300037T 0600249600300000286080D00000000000000000001               30042010000000000000000356008877                         090000546590990001104904588000000000097862009177546590990001300000000000000000002220000000000                 
1040001300038U 0600000000000000000000000000449000000000000000000000000000449000000000002245100000000001347100000000000000000000000000000009042010140420101900        000000000000000CIP COMPENSACAO               930                           
1040001300039T 0600249600300000286080D00000000000000000001               30042010000000000000000341002623                         090000550828790001104974588000000000097862009177550828790001300000000000000000002220000000000                 
1040001300040U 0600000000000000000000000000329400000000000000000000000000329400000000001647000000000000988200000000000000000000000000000009042010140420101900        000000000000000CIP COMPENSACAO               930                           
1040001300041T 0600249600300000286080D00000000000000000001               30042010000000000000000237004227                         090000552230100001104964588000000000097862009177552230100001300000000000000000002220000000000                 
1040001300042U 0600000000000000000000000000188200000000000000000000000000188200000000000941200000000000564800000000000000000000000000000009042010140420101900        000000000000000CIP COMPENSACAO               930                           
1040001300043T 0600249600300000286080D00000000000000000001               30042010000000000000000237004987                         090000605364060001104994588000000000097862009177605364060001300000000000000000002220000000000                 
1040001300044U 0600000000000000000000000000232700000000000000000000000000232700000000001163300000000000697900000000000000000000000000000009042010140420101900        000000000000000CIP COMPENSACAO               930                           
1040001300045T 0600249600300000286080D00000000000000000001               30042010000000000000000237000957                         090000606804020001104914588000000000097862009177606804020001300000000000000000002220000000000                 
1040001300046U 0600000000000000000000000000259300000000000000000000000000259300000000001296500000000000777900000000000000000000000000000009042010140420101900        000000000000000CIP COMPENSACAO               930                           
1040001300047T 0600249600300000286080D00000000000000000001               30042010000000000000000341032476                         090000609117400001104974588000000000097862009177609117400001300000000000000000002220000000000                 
1040001300048U 0600000000000000000000000000026400000000000000000000000000026400000000000132200000000000079400000000000000000000000000000009042010140420101900        000000000000000CIP COMPENSACAO               930                           
1040001300049T 0600249600300000286080D00000000000000000001               30042010000000000000000033002208                         090000611954180001104914588000000000097862009177611954180001300000000000000000002220000000000                 
1040001300050U 0600000000000000000000000000044900000000000000000000000000044900000000000224500000000000134700000000000000000000000000000009042010140420101900        000000000000000CIP COMPENSACAO               930                           
1040001300051T 0600249600300000286080D00000000000000000001               30042010000000000000000151005860                         090000611973490001104944588000000000097862009177611973490001300000000000000000002220000000000                 
1040001300052U 0600000000000000000000000000504600000000000000000000000000504600000000002523200000000001514000000000000000000000000000000009042010140420101900        000000000000000CIP COMPENSACAO               930                           
1040001300053T 0600249600300000286080D00000000000000000001               30042010000000000000000237030902                         090000618644350001104974588000000000097862009177618644350001300000000000000000002220000000000                 
1040001300054U 0600000000000000000000000000243000000000000000000000000000243000000000001214800000000000728800000000000000000000000000000009042010140420101900        000000000000000CIP COMPENSACAO               930                           
1040001300055T 0600249600300000286080D00000000000000000001               30042010000000000000000341004405                         090000625794530001104964588000000000097862009177625794530001300000000000000000002220000000000                 
1040001300056U 0600000000000000000000000000094000000000000000000000000000094000000000000470000000000000282000000000000000000000000000000009042010140420101900        000000000000000CIP COMPENSACAO               930                           
1040001300057T 0600249600300000286080D00000000000000000001               07101997000000000000000341001864                         090000641857700001104900000000000000097862009177641857700001300000000000000000002220000000000                 
1040001300058U 0600000000000000000000000000054900000000000000000000000000054900000000000274300000000000164500000000000000000000000000000009042010140420101900        000000000000000CIP COMPENSACAO               930                           
1040001300059T 0600249600300000286080D00000000000000000001               30042010000000000000000237028843                         090000649154650001104974588000000000097862009177649154650001300000000000000000002220000000000                 
1040001300060U 0600000000000000000000000000320700000000000000000000000000320700000000001603600000000000962200000000000000000000000000000009042010140420101900        000000000000000CIP COMPENSACAO               930                           
1040001300061T 0600249600300000286080D00000000000000000001               30042010000000000000000341007420                         090000665181010001104914588000000000097862009177665181010001300000000000000000002220000000000                 
1040001300062U 0600000000000000000000000000138900000000000000000000000000138900000000000694500000000000416700000000000000000000000000000009042010140420101900        000000000000000CIP COMPENSACAO               930                           
1040001300063T 0600249600300000286080D00000000000000000001               30042010000000000000000237011886                         090000671383620001104954588000000000097862009177671383620001300000000000000000002220000000000                 
1040001300064U 0600000000000000000000000000354100000000000000000000000000354100000000001770400000000001062200000000000000000000000000000009042010140420101900        000000000000000CIP COMPENSACAO               930                           
1040001300065T 0600249600300000286080D00000000000000000001               30042010000000000000000341002518                         090000684863640001104994588000000000097862009177684863640001300000000000000000002220000000000                 
1040001300066U 0600000000000000000000000000242600000000000000000000000000242600000000001213000000000000727800000000000000000000000000000009042010140420101900        000000000000000CIP COMPENSACAO               930                           
1040001300067T 0600249600300000286080D00000000000000000001               30042010000000000000000341003603                         090000691007250001104914588000000000097862009177691007250001300000000000000000002220000000000                 
1040001300068U 0600000000000000000000000000532900000000000000000000000000532900000000002664700000000001598900000000000000000000000000000009042010140420101900        000000000000000CIP COMPENSACAO               930                           
1040001300069T 0600249600300000286080D00000000000000000001               30042010000000000000000341003832                         090000691059890001104954588000000000097862009177691059890001300000000000000000002220000000000                 
1040001300070U 0600000000000000000000000000026300000000000000000000000000026300000000000131400000000000078800000000000000000000000000000009042010140420101900        000000000000000CIP COMPENSACAO               930                           
1040001300071T 0600249600300000286080D00000000000000000001               30042010000000000000000033002356                         090000691077530001104914588000000000097862009177691077530001300000000000000000002220000000000                 
1040001300072U 0600000000000000000000000000234700000000000000000000000000234700000000001173500000000000704100000000000000000000000000000009042010140420101900        000000000000000CIP COMPENSACAO               930                           
1040001300073T 0600249600300000286080D00000000000000000001               30042010000000000000000409001910                         090000692636890001104914588000000000097862009177692636890001300000000000000000002220000000000                 
1040001300074U 0600000000000000000000000000259500000000000000000000000000259500000000001297400000000000778400000000000000000000000000000009042010140420101900        000000000000000CIP COMPENSACAO               930                           
1040001300075T 0600249600300000286080D00000000000000000001               07101997000000000000000341004529                         090000734686470001104900000000000000097862009177734686470001300000000000000000002220000000000                 
1040001300076U 0600000000000000000000000000480400000000000000000000000000480400000000002402100000000001441300000000000000000000000000000009042010140420101900        000000000000000CIP COMPENSACAO               930                           
1040001300077T 0600249600300000286080D00000000000000000001               30042010000000000000000104010081                         090000011831330001104924588000000000097862009177011831330001300000000000000000001090000000000                 
1040001300078U 0600000000000000000000000000233000000000000000000000000000233000000000001165000000000000699000000000000000000000000000000012042010140420101700        000000000000000LOTERICOS SISPL               930                           
1040001300079T 0600249600300000286080D00000000000000000001               30042010000000000002939104005762                         090000020675200001104914588000000293997862008177020675200001110000000000000000001090000000000                 
1040001300080U 0600000000000000000000000000058800000000000000000000000000058800000000000293900000000000176300000000000000000000000000000012042010140420101700        000000000000000LOTERICOS SISPL               811                           
1040001300081T 0600249600300000286080D00000000000000000001               30042010000000000000000104002712                         090000587214080001104954588000000000097862009177587214080001300000000000000000002180000000000                 
1040001300082U 0600000000000000000000000000104200000000000000000000000000104200000000000520800000000000312400000000000000000000000000000012042010140420101100        000000000000000AUTOMACAO                     930                           
1040001300083T 0600249600300000286080D00000000000000000001               30042010000000000000000104010081                         090000676669740001104934588000000000097862009177676669740001300000000000000000001090000000000                 
1040001300084U 0600000000000000000000000000044900000000000000000000000000044900000000000224700000000000134900000000000000000000000000000012042010140420101700        000000000000000LOTERICOS SISPL               930                           
10400015         00008400000000000000000000000000000000000000000000000000000000000000000000000000000000000000297093                           00000000000000000000000000000                                                                     
10499999         000001000088000000000              00000 000000000000                                                                        00000000000000000000000000000                                                                     
