10400000         243070481000114186200              00249600300000286080SINEMPEDIFPORTCAB MUN SP      CAIXA ECONOMICA FEDERAL                 20604201005044200124106000000                                                                     
10400011T01  030 2043070481000114186200              00249600300000286080SINEMPEDIFPORTCAB MUN SP      200501                                  000000                                  000000000604201000000000                                 
1040001300001T 0600249600300000286080D00000000000000000001               30042010000000000012670341001619                         090000000001326800104954588000001267097862008177000001326800110000000000000000002220000000000                 
1040001300002U 0600000000000000000000000000253400000000000000000000000000253400000000001267000000000000760200000000000000000000000000000031032010060420101900        000000000000000CIP COMPENSACAO               811                           
1040001300003T 0600249600300000286080D00000000000000000001               30042010000000000000000104013706                         090000002190817712104974588000000000097862009177002190817712300000000000000000002180000000000                 
1040001300004U 0600000000000000000000000000326500000000000000000000000000326500000000001632700000000000979700000000000000000000000000000031032010060420102100        000000000000000AUTOMACAO                     930                           
1040001300005T 0600249600300000286080D00000000000000000001               31032010000000000000000341006467                         090000029955820001104974558000000000097862009177029955820001300000000000000000002220000000000                 
1040001300006U 0600000000000000000000000000059000000000000000000000000000059000000000000295000000000000177000000000000000000000000000000031032010060420101900        000000000000000CIP COMPENSACAO               930                           
1040001300007T 0600249600300000286080D00000000000000000001               31032010000000000000000341001902                         090000030883560001104974558000000000097862009177030883560001300000000000000000002220000000000                 
1040001300008U 0600000000000000000000000000050900000000000000000000000000050900000000000254700000000000152900000000000000000000000000000031032010060420101900        000000000000000CIP COMPENSACAO               930                           
1040001300009T 0600249600300000286080D00000000000000000001               30042010000000000000000356012530                         090000082557370001104904588000000000097862009177082557370001300000000000000000002220000000000                 
1040001300010U 0600000000000000000000000000049000000000000000000000000000049000000000000244900000000000146900000000000000000000000000000031032010060420101900        000000000000000CIP COMPENSACAO               930                           
1040001300011T 0600249600300000286080D00000000000000000001               31032010000000000002783237001384                         090000538208250001104914558000000278397862008177538208250001110000000000000000002220000000000                 
1040001300012U 0600000000000000000000000000055700000000000000000000000000055700000000000278300000000000166900000000000000000000000000000031032010060420101900        000000000000000CIP COMPENSACAO               811                           
1040001300013T 0600249600300000286080D00000000000000000001               31032010000000000003076237001384                         090000540048660001104914558000000307697862008177540048660001110000000000000000002220000000000                 
1040001300014U 0600000000000000000000000000061500000000000000000000000000061500000000000307600000000000184600000000000000000000000000000031032010060420101900        000000000000000CIP COMPENSACAO               811                           
1040001300015T 0600249600300000286080D00000000000000000001               30042010000000000000000237025682                         090000540652970001104914588000000000097862009177540652970001300000000000000000002220000000000                 
1040001300016U 0600000000000000000000000000426400000000000000000000000000426400000000002132200000000001279400000000000000000000000000000031032010060420101900        000000000000000CIP COMPENSACAO               930                           
1040001300017T 0600249600300000286080D00000000000000000001               30042010000000000000000341001902                         090000542046800001104984588000000000097862009177542046800001300000000000000000002220000000000                 
1040001300018U 0600000000000000000000000000060500000000000000000000000000060500000000000302300000000000181300000000000000000000000000000031032010060420101900        000000000000000CIP COMPENSACAO               930                           
1040001300019T 0600249600300000286080D00000000000000000001               07101997000000000002250356001368                         090000542802270001104900000000000225097862008177542802270001110000000000000000002220000000000                 
1040001300020U 0600000000000000000000000000045000000000000000000000000000045000000000000225000000000000135000000000000000000000000000000031032010060420101900        000000000000000CIP COMPENSACAO               811                           
1040001300021T 0600249600300000286080D00000000000000000001               31032010000000000000000341001902                         090000544869490001104924558000000000097862009177544869490001300000000000000000002220000000000                 
1040001300022U 0600000000000000000000000000048900000000000000000000000000048900000000000244400000000000146600000000000000000000000000000031032010060420101900        000000000000000CIP COMPENSACAO               930                           
1040001300023T 0600249600300000286080D00000000000000000001               07101997000000000002250356001368                         090000544903880001104900000000000225097862008177544903880001110000000000000000002220000000000                 
1040001300024U 0600000000000000000000000000045000000000000000000000000000045000000000000225000000000000135000000000000000000000000000000031032010060420101900        000000000000000CIP COMPENSACAO               811                           
1040001300025T 0600249600300000286080D00000000000000000001               31032010000000000002245341005347                         090000545236000014104944558000000224597862008177545236000014110000000000000000002220000000000                 
1040001300026U 0600000000000000000000000000044900000000000000000000000000044900000000000224500000000000134700000000000000000000000000000031032010060420101900        000000000000000CIP COMPENSACAO               811                           
1040001300027T 0600249600300000286080D00000000000000000001               31032010000000000002250237001384                         090000546082600001104974558000000225097862008177546082600001110000000000000000002220000000000                 
1040001300028U 0600000000000000000000000000045000000000000000000000000000045000000000000225000000000000135000000000000000000000000000000031032010060420101900        000000000000000CIP COMPENSACAO               811                           
1040001300029T 0600249600300000286080D00000000000000000001               31032010000000000000000341001902                         090000556415180001104954558000000000097862009177556415180001300000000000000000002220000000000                 
1040001300030U 0600000000000000000000000000056700000000000000000000000000056700000000000283700000000000170300000000000000000000000000000031032010060420101900        000000000000000CIP COMPENSACAO               930                           
1040001300031T 0600249600300000286080D00000000000000000001               31032010000000000002347237001384                         090000622646680001104934558000000234797862008177622646680001110000000000000000002220000000000                 
1040001300032U 0600000000000000000000000000046900000000000000000000000000046900000000000234700000000000140900000000000000000000000000000031032010060420101900        000000000000000CIP COMPENSACAO               811                           
1040001300033T 0600249600300000286080D00000000000000000001               31032010000000000000000341001902                         090000650366000001104914558000000000097862009177650366000001300000000000000000002220000000000                 
1040001300034U 0600000000000000000000000000060800000000000000000000000000060800000000000304000000000000182400000000000000000000000000000031032010060420101900        000000000000000CIP COMPENSACAO               930                           
1040001300035T 0600249600300000286080D00000000000000000001               30042010000000000000000399004057                         090000679865210001104924588000000000097862009177679865210001300000000000000000002220000000000                 
1040001300036U 0600000000000000000000000000054000000000000000000000000000054000000000000270100000000000162100000000000000000000000000000031032010060420101900        000000000000000CIP COMPENSACAO               930                           
1040001300037T 0600249600300000286080D00000000000000000001               30042010000000000001137104002755                         090000005226520001104924588000000113797862008177005226520001110000000000000000002180000000000                 
1040001300038U 0600000000000000000000000000022700000000000000000000000000022700000000000113700000000000068300000000000000000000000000000001042010060420101100        000000000000000AUTOMACAO                     811                           
1040001300039T 0600249600300000286080D00000000000000000001               30042010000000000000612104002755                         090000041328480001104914588000000061297862008177041328480001110000000000000000002180000000000                 
1040001300040U 0600000000000000000000000000012200000000000000000000000000012200000000000061200000000000036800000000000000000000000000000001042010060420101100        000000000000000AUTOMACAO                     811                           
1040001300041T 0600249600300000286080D00000000000000000001               30042010000000000000000104040762                         090000042437660001104994588000000000097862009177042437660001300000000000000000000430000000000                 
1040001300042U 06000000000000000000000000000748000000000000000000000000000748000000000003742000000000002246000000000000000000000000000000010420100604201012I0        000000000000000INTERNET                      930                           
1040001300043T 0600249600300000286080D00000000000000000001               30042010000000000001181104002755                         090000043011450001104934588000000118197862008177043011450001110000000000000000002180000000000                 
1040001300044U 0600000000000000000000000000023600000000000000000000000000023600000000000118100000000000070900000000000000000000000000000001042010060420101100        000000000000000AUTOMACAO                     811                           
1040001300045T 0600249600300000286080D00000000000000000001               30042010000000000001123104002755                         090000050294390001104924588000000112397862008177050294390001110000000000000000002180000000000                 
1040001300046U 0600000000000000000000000000022500000000000000000000000000022500000000000112300000000000067300000000000000000000000000000001042010060420101100        000000000000000AUTOMACAO                     811                           
1040001300047T 0600249600300000286080D00000000000000000001               30042010000000000001225104002755                         090000640174520001104934588000000122597862008177640174520001110000000000000000002180000000000                 
1040001300048U 0600000000000000000000000000024500000000000000000000000000024500000000000122500000000000073500000000000000000000000000000001042010060420101100        000000000000000AUTOMACAO                     811                           
10400015         00004800000000000000000000000000000000000000000000000000000000000000000000000000000000000000059123                           00000000000000000000000000000                                                                     
10499999         000001000052000000000              00000 000000000000                                                                        00000000000000000000000000000                                                                     
