10400000         243070481000114186200              00249600300000286080SINEMPEDIFPORTCAB MUN SP      CAIXA ECONOMICA FEDERAL                 20705201004235900126306000000                                                                     
10400011T01  030 2043070481000114186200              00249600300000286080SINEMPEDIFPORTCAB MUN SP      200501                                  000000                                  000000000705201000000000                                 
1040001300001T 0600249600300000286080D00000000000000000001               05052010000000000062736341005932                         090000000000021808104934593000006273697862008177000000021808110000000000000000002220000000000                 
1040001300002U 0600000000000000000000000001254700000000000000000000000001254700000000006273600000000003764200000000000000000000000000000004052010070520101900        000000000000000CIP COMPENSACAO               811                           
1040001300003T 0600249600300000286080D00000000000000000001               30042010000000000000000104033065                         090000012831040001104954588000000000097862009177012831040001300000000000000000002180000000000                 
1040001300004U 0600000000000000000000000000263000000000000000000000000000263000000000001315000000000000789000000000000000000000000000000004052010070520102100        000000000000000AUTOMACAO                     930                           
1040001300005T 0600249600300000286080D00000000000000000001               30042010000000000000000104015725                         090000040096620001104974588000000000097862009177040096620001300000000000000000002180000000000                 
1040001300006U 0600000000000000000000000004757900000000000000000000000004757900000000023789500000000014273700000000000000000000000000000004052010070520102100        000000000000000AUTOMACAO                     930                           
1040001300007T 0600249600300000286080D00000000000000000001               07101997000000000000000341001708                         090000740053640001104900000000000000097862009177740053640001300000000000000000002220000000000                 
1040001300008U 0600000000000000000000000000490800000000000000000000000000490800000000002454000000000001472400000000000000000000000000000004052010070520101900        000000000000000CIP COMPENSACAO               930                           
1040001300009T 0600249600300000286080D00000000000000000001               30042010000000000000000104031070                         090000026676960001104914588000000000097862009177026676960001300000000000000000002180000000000                 
1040001300010U 0600000000000000000000000000365000000000000000000000000000365000000000001825200000000001095200000000000000000000000000000005052010070520101100        000000000000000AUTOMACAO                     930                           
1040001300011T 0600249600300000286080D00000000000000000001               30042010000000000000000104031070                         090000104022550001104974588000000000097862009177104022550001300000000000000000002180000000000                 
1040001300012U 0600000000000000000000000000054300000000000000000000000000054300000000000271700000000000163100000000000000000000000000000005052010070520101100        000000000000000AUTOMACAO                     930                           
1040001300013T 0600249600300000286080D00000000000000000001               30042010000000000000000104040339                         090000539925410001104914588000000000097862009177539925410001300000000000000000002180000000000                 
1040001300014U 0600000000000000000000000000236600000000000000000000000000236600000000001183100000000000709900000000000000000000000000000005052010070520101100        000000000000000AUTOMACAO                     930                           
1040001300015T 0600249600300000286080D00000000000000000001               30042010000000000000000104031070                         090000545740580001104964588000000000097862009177545740580001300000000000000000002180000000000                 
1040001300016U 0600000000000000000000000000451400000000000000000000000000451400000000002256800000000001354000000000000000000000000000000005052010070520101100        000000000000000AUTOMACAO                     930                           
1040001300017T 0600249600300000286080D00000000000000000001               30042010000000000000000104006050                         090000562732040001104984588000000000097862009177562732040001300000000000000000002180000000000                 
1040001300018U 0600000000000000000000000000106400000000000000000000000000106400000000000532000000000000319200000000000000000000000000000005052010070520101100        000000000000000AUTOMACAO                     930                           
1040001300019T 0600249600300000286080D00000000000000000001               30042010000000000017797104012181                         090000590876430001104914588000001779797862008177590876430001110000000000000000002180000000000                 
1040001300020U 0600000000000195600000000000355900000000000000000000000000355900000000001975300000000001263500000000000000000000000000000005052010070520101100        000000000000000AUTOMACAO                     811                           
10400015         00002000000000000000000000000000000000000000000000000000000000000000000000000000000000000000252042                           00000000000000000000000000000                                                                     
10499999         000001000024000000000              00000 000000000000                                                                        00000000000000000000000000000                                                                     
