10400000         243070481000114186200              00249600300000286080SINEMPEDIFPORTCAB MUN SP      CAIXA ECONOMICA FEDERAL                 20605201005210900126206000000                                                                     
10400011T01  030 2043070481000114186200              00249600300000286080SINEMPEDIFPORTCAB MUN SP      200501                                  000000                                  000000000605201000000000                                 
1040001300001T 0600249600300000286080D00000000000000000001               03052010000000000000000001057177                         090000000917630001104954591000000000097862009177000917630001300000000000000000002220000000000                 
1040001300002U 0600000000000000000000000000318100000000000000000000000000318100000000001590700000000000954500000000000000000000000000000003052010060520101900        000000000000000CIP COMPENSACAO               930                           
1040001300003T 0600249600300000286080D00000000000000000001               03052010000000000000000001057177                         090000002078610001104954591000000000097862009177002078610001300000000000000000002220000000000                 
1040001300004U 0600000000000000000000000000078600000000000000000000000000078600000000000393200000000000236000000000000000000000000000000003052010060520101900        000000000000000CIP COMPENSACAO               930                           
1040001300005T 0600249600300000286080D00000000000000000001               03052010000000000000000001057177                         090000002419290001104914591000000000097862009177002419290001300000000000000000002220000000000                 
1040001300006U 0600000000000000000000000000062500000000000000000000000000062500000000000312300000000000187300000000000000000000000000000003052010060520101900        000000000000000CIP COMPENSACAO               930                           
1040001300007T 0600249600300000286080D00000000000000000001               03052010000000000000000001057177                         090000009635220001104934591000000000097862009177009635220001300000000000000000002220000000000                 
1040001300008U 0600000000000000000000000000412600000000000000000000000000412600000000002062900000000001237700000000000000000000000000000003052010060520101900        000000000000000CIP COMPENSACAO               930                           
1040001300009T 0600249600300000286080D00000000000000000001               03052010000000000000000341008451                         090000014191550001104904591000000000097862009177014191550001300000000000000000002220000000000                 
1040001300010U 0600000000000000000000000000069300000000000000000000000000069300000000000346700000000000208100000000000000000000000000000003052010060520101900        000000000000000CIP COMPENSACAO               930                           
1040001300011T 0600249600300000286080D00000000000000000001               05052010000000000002350237038326                         090000019007220001104994593000000235097862008177019007220001110000000000000000002220000000000                 
1040001300012U 0600000000000000000000000000047000000000000000000000000000047000000000000235000000000000141000000000000000000000000000000003052010060520101900        000000000000000CIP COMPENSACAO               811                           
1040001300013T 0600249600300000286080D00000000000000000001               03052010000000000000000001057177                         090000025319270001104934591000000000097862009177025319270001300000000000000000002220000000000                 
1040001300014U 0600000000000000000000000000312600000000000000000000000000312600000000001563100000000000937900000000000000000000000000000003052010060520101900        000000000000000CIP COMPENSACAO               930                           
1040001300015T 0600249600300000286080D00000000000000000001               01052010000000000000000341015741                         090000029611460001104994589000000000097862009177029611460001300000000000000000002220000000000                 
1040001300016U 0600000000000000000000000000268200000000000000000000000000268200000000001341200000000000804800000000000000000000000000000003052010060520101900        000000000000000CIP COMPENSACAO               930                           
1040001300017T 0600249600300000286080D00000000000000000001               03052010000000000000000001057177                         090000030278940001104944591000000000097862009177030278940001300000000000000000002220000000000                 
1040001300018U 0600000000000000000000000000276300000000000000000000000000276300000000001381700000000000829100000000000000000000000000000003052010060520101900        000000000000000CIP COMPENSACAO               930                           
1040001300019T 0600249600300000286080D00000000000000000001               03052010000000000000000001057177                         090000031272460001104974591000000000097862009177031272460001300000000000000000002220000000000                 
1040001300020U 0600000000000000000000000000485900000000000000000000000000485900000000002429300000000001457500000000000000000000000000000003052010060520101900        000000000000000CIP COMPENSACAO               930                           
1040001300021T 0600249600300000286080D00000000000000000001               03052010000000000000000001057177                         090000033866020001104934591000000000097862009177033866020001300000000000000000002220000000000                 
1040001300022U 0600000000000000000000000000127000000000000000000000000000127000000000000635100000000000381100000000000000000000000000000003052010060520101900        000000000000000CIP COMPENSACAO               930                           
1040001300023T 0600249600300000286080D00000000000000000001               03052010000000000000000001057177                         090000038162420001104914591000000000097862009177038162420001300000000000000000002220000000000                 
1040001300024U 0600000000000000000000000000104700000000000000000000000000104700000000000523600000000000314200000000000000000000000000000003052010060520101900        000000000000000CIP COMPENSACAO               930                           
1040001300025T 0600249600300000286080D00000000000000000001               03052010000000000019352001057177                         090000040977380001104924591000001935297862009177040977380001300000000000000000002220000000000                 
1040001300026U 0600000000000212800000000000387000000000000000000000000000387000000000002148000000000001374000000000000000000000000000000003052010060520101900        000000000000000CIP COMPENSACAO               930                           
1040001300027T 0600249600300000286080D00000000000000000001               03052010000000000000000341008451                         090000044630870001104904591000000000097862009177044630870001300000000000000000002220000000000                 
1040001300028U 0600000000000000000000000000199300000000000000000000000000199300000000000996300000000000597700000000000000000000000000000003052010060520101900        000000000000000CIP COMPENSACAO               930                           
1040001300029T 0600249600300000286080D00000000000000000001               03052010000000000000000001057177                         090000050410220001104994591000000000097862009177050410220001300000000000000000002220000000000                 
1040001300030U 0600000000000000000000000000088100000000000000000000000000088100000000000440600000000000264400000000000000000000000000000003052010060520101900        000000000000000CIP COMPENSACAO               930                           
1040001300031T 0600249600300000286080D00000000000000000001               03052010000000000000000001057177                         090000052187170001104914591000000000097862009177052187170001300000000000000000002220000000000                 
1040001300032U 0600000000000000000000000000164000000000000000000000000000164000000000000820100000000000492100000000000000000000000000000003052010060520101900        000000000000000CIP COMPENSACAO               930                           
1040001300033T 0600249600300000286080D00000000000000000001               03052010000000000000000001057177                         090000055067960001104984591000000000097862009177055067960001300000000000000000002220000000000                 
1040001300034U 0600000000000000000000000000122400000000000000000000000000122400000000000612200000000000367400000000000000000000000000000003052010060520101900        000000000000000CIP COMPENSACAO               930                           
1040001300035T 0600249600300000286080D00000000000000000001               03052010000000000000000001057177                         090000055779130001104934591000000000097862009177055779130001300000000000000000002220000000000                 
1040001300036U 0600000000000000000000000000228600000000000000000000000000228600000000001143000000000000685800000000000000000000000000000003052010060520101900        000000000000000CIP COMPENSACAO               930                           
1040001300037T 0600249600300000286080D00000000000000000001               03052010000000000000000001057177                         090000069535010001104984591000000000097862009177069535010001300000000000000000002220000000000                 
1040001300038U 0600000000000000000000000000052100000000000000000000000000052100000000000260500000000000156300000000000000000000000000000003052010060520101900        000000000000000CIP COMPENSACAO               930                           
1040001300039T 0600249600300000286080D00000000000000000001               03052010000000000000000001057177                         090000388947130001104994591000000000097862009177388947130001300000000000000000002220000000000                 
1040001300040U 0600000000000000000000000000260500000000000000000000000000260500000000001302500000000000781500000000000000000000000000000003052010060520101900        000000000000000CIP COMPENSACAO               930                           
1040001300041T 0600249600300000286080D00000000000000000001               03052010000000000000000001057177                         090000538283490001104974591000000000097862009177538283490001300000000000000000002220000000000                 
1040001300042U 0600000000000000000000000001496500000000000000000000000001496500000000007482500000000004489500000000000000000000000000000003052010060520101900        000000000000000CIP COMPENSACAO               930                           
1040001300043T 0600249600300000286080D00000000000000000001               03052010000000000000000001057177                         090000539854040001104964591000000000097862009177539854040001300000000000000000002220000000000                 
1040001300044U 0600000000000000000000000000495600000000000000000000000000495600000000002478200000000001487000000000000000000000000000000003052010060520101900        000000000000000CIP COMPENSACAO               930                           
1040001300045T 0600249600300000286080D00000000000000000001               30042010000000000000000104002631                         090000540732420001104914588000000000097862009177540732420001300000000000000000002180000000000                 
1040001300046U 0600000000000000000000000000651900000000000000000000000000651900000000003259700000000001955900000000000000000000000000000003052010060520102100        000000000000000AUTOMACAO                     930                           
1040001300047T 0600249600300000286080D00000000000000000001               03052010000000000000000001057177                         090000543218720001104914591000000000097862009177543218720001300000000000000000002220000000000                 
1040001300048U 0600000000000000000000000000081200000000000000000000000000081200000000000406200000000000243800000000000000000000000000000003052010060520101900        000000000000000CIP COMPENSACAO               930                           
1040001300049T 0600249600300000286080D00000000000000000001               03052010000000000000000001057177                         090000557040430001104984591000000000097862009177557040430001300000000000000000002220000000000                 
1040001300050U 0600000000000000000000000000076900000000000000000000000000076900000000000384700000000000230900000000000000000000000000000003052010060520101900        000000000000000CIP COMPENSACAO               930                           
1040001300051T 0600249600300000286080D00000000000000000001               03052010000000000000000001057177                         090000565758480001104924591000000000097862009177565758480001300000000000000000002220000000000                 
1040001300052U 0600000000000000000000000000509300000000000000000000000000509300000000002546700000000001528100000000000000000000000000000003052010060520101900        000000000000000CIP COMPENSACAO               930                           
1040001300053T 0600249600300000286080D00000000000000000001               03052010000000000000000001057177                         090000569970180001104914591000000000097862009177569970180001300000000000000000002220000000000                 
1040001300054U 0600000000000000000000000000214600000000000000000000000000214600000000001072800000000000643600000000000000000000000000000003052010060520101900        000000000000000CIP COMPENSACAO               930                           
1040001300055T 0600249600300000286080D00000000000000000001               30042010000000000000000104030392                         090000580003240001104914588000000000097862009177580003240001300000000000000000002180000000000                 
1040001300056U 0600000000000000000000000000155700000000000000000000000000155700000000000778400000000000467000000000000000000000000000000003052010060520102100        000000000000000AUTOMACAO                     930                           
1040001300057T 0600249600300000286080D00000000000000000001               03052010000000000000000001057177                         090000581005950001104954591000000000097862009177581005950001300000000000000000002220000000000                 
1040001300058U 0600000000000000000000000000506700000000000000000000000000506700000000002533500000000001520100000000000000000000000000000003052010060520101900        000000000000000CIP COMPENSACAO               930                           
1040001300059T 0600249600300000286080D00000000000000000001               30042010000000000000000104015970                         090000581006110001104914588000000000097862009177581006110001300000000000000000002180000000000                 
1040001300060U 0600000000000000000000000000413300000000000000000000000000413300000000002066300000000001239700000000000000000000000000000003052010060520102100        000000000000000AUTOMACAO                     930                           
1040001300061T 0600249600300000286080D00000000000000000001               28042011000000000000000001057177                         090000590902580001104944951000000000097862009177590902580001300000000000000000002220000000000                 
1040001300062U 0600000000000000000000000000063700000000000000000000000000063700000000000318700000000000191300000000000000000000000000000003052010060520101900        000000000000000CIP COMPENSACAO               930                           
1040001300063T 0600249600300000286080D00000000000000000001               30042010000000000018177104031178                         090000599517490001104914588000001817797862008177599517490001110000000000000000002180000000000                 
1040001300064U 0600000000000200000000000000363500000000000000000000000000363500000000002017700000000001290700000000000000000000000000000003052010060520102100        000000000000000AUTOMACAO                     811                           
1040001300065T 0600249600300000286080D00000000000000000001               03052010000000000000000001057177                         090000625679790001104924591000000000097862009177625679790001300000000000000000002220000000000                 
1040001300066U 0600000000000000000000000000370400000000000000000000000000370400000000001851800000000001111000000000000000000000000000000003052010060520101900        000000000000000CIP COMPENSACAO               930                           
1040001300067T 0600249600300000286080D00000000000000000001               03052010000000000000000001057177                         090000625694470001104954591000000000097862009177625694470001300000000000000000002220000000000                 
1040001300068U 0600000000000000000000000000054400000000000000000000000000054400000000000271800000000000163000000000000000000000000000000003052010060520101900        000000000000000CIP COMPENSACAO               930                           
1040001300069T 0600249600300000286080D00000000000000000001               03052010000000000000000001057177                         090000625719300001104934591000000000097862009177625719300001300000000000000000002220000000000                 
1040001300070U 0600000000000000000000000000297100000000000000000000000000297100000000001485600000000000891400000000000000000000000000000003052010060520101900        000000000000000CIP COMPENSACAO               930                           
1040001300071T 0600249600300000286080D00000000000000000001               03052010000000000000000001057177                         090000659908140001104934591000000000097862009177659908140001300000000000000000002220000000000                 
1040001300072U 0600000000000000000000000000312300000000000000000000000000312300000000001561300000000000936700000000000000000000000000000003052010060520101900        000000000000000CIP COMPENSACAO               930                           
1040001300073T 0600249600300000286080D00000000000000000001               03052010000000000000000001057177                         090000671469690001104914591000000000097862009177671469690001300000000000000000002220000000000                 
1040001300074U 0600000000000000000000000000052100000000000000000000000000052100000000000260500000000000156300000000000000000000000000000003052010060520101900        000000000000000CIP COMPENSACAO               930                           
1040001300075T 0600249600300000286080D00000000000000000001               03052010000000000000000001057177                         090000681618920001104914591000000000097862009177681618920001300000000000000000002220000000000                 
1040001300076U 0600000000000000000000000000074000000000000000000000000000074000000000000369900000000000221900000000000000000000000000000003052010060520101900        000000000000000CIP COMPENSACAO               930                           
1040001300077T 0600249600300000286080D00000000000000000001               30042010000000000000000104002518                         090000010216380001104994588000000000097862009177010216380001300000000000000000002180000000000                 
1040001300078U 0600000000000000000000000000426500000000000000000000000000426500000000002132700000000001279700000000000000000000000000000004052010060520101100        000000000000000AUTOMACAO                     930                           
1040001300079T 0600249600300000286080D00000000000000000001               30042010000000000006359104010022                         090000020931920001104934588000000635997862008177020931920001110000000000000000002180000000000                 
1040001300080U 0600000000000064400000000000127200000000000000000000000000127200000000000700300000000000445900000000000000000000000000000004052010060520101100        000000000000000AUTOMACAO                     811                           
1040001300081T 0600249600300000286080D00000000000000000001               30042010000000000000000104009881                         090000071034950001104914588000000000097862009177071034950001300000000000000000002180000000000                 
1040001300082U 0600000000000000000000000000104300000000000000000000000000104300000000000521700000000000313100000000000000000000000000000004052010060520101100        000000000000000AUTOMACAO                     930                           
1040001300083T 0600249600300000286080D00000000000000000001               30042010000000000000000104030538                         090000465535660001104994588000000000097862009177465535660001300000000000000000002180000000000                 
1040001300084U 0600000000000000000000000000066600000000000000000000000000066600000000000333000000000000199800000000000000000000000000000004052010060520101100        000000000000000AUTOMACAO                     930                           
1040001300085T 0600249600300000286080D00000000000000000001               30042010000000000000000104002569                         090000483941180001104934588000000000097862009177483941180001300000000000000000002180000000000                 
1040001300086U 0600000000000000000000000000088700000000000000000000000000088700000000000443300000000000265900000000000000000000000000000004052010060520101100        000000000000000AUTOMACAO                     930                           
1040001300087T 0600249600300000286080D00000000000000000001               30042010000000000002667104019690                         090000487558210001104994588000000266797862006177487558210001820000000000000000001090000000000                 
1040001300088U 0600000000000056000000000000053300000000000000000000000000053300000000000322700000000000216100000000000000000000000000000004052010060520101700        000000000000000LOTERICOS SISPL               682                           
1040001300089T 0600249600300000286080D00000000000000000001               30042010000000000000000104002569                         090000538177480001104974588000000000097862009177538177480001300000000000000000002180000000000                 
1040001300090U 0600000000000000000000000003271800000000000000000000000003271800000000016359000000000009815400000000000000000000000000000004052010060520101100        000000000000000AUTOMACAO                     930                           
1040001300091T 0600249600300000286080D00000000000000000001               30042010000000000000000104016799                         090000540256060001104994588000000000097862009177540256060001300000000000000000002180000000000                 
1040001300092U 0600000000000000000000000000058200000000000000000000000000058200000000000290800000000000174400000000000000000000000000000004052010060520101100        000000000000000AUTOMACAO                     930                           
1040001300093T 0600249600300000286080D00000000000000000001               30042010000000000000000104016799                         090000549311670001104984588000000000097862009177549311670001300000000000000000002180000000000                 
1040001300094U 0600000000000000000000000000492200000000000000000000000000492200000000002461200000000001476800000000000000000000000000000004052010060520101100        000000000000000AUTOMACAO                     930                           
1040001300095T 0600249600300000286080D00000000000000000001               30042010000000000000000104002593                         090000618427790001104924588000000000097862009177618427790001300000000000000000002180000000000                 
1040001300096U 0600000000000000000000000000469300000000000000000000000000469300000000002346400000000001407800000000000000000000000000000004052010060520101100        000000000000000AUTOMACAO                     930                           
1040001300097T 0600249600300000286080D00000000000000000001               30042010000000000000000104002518                         090000655257840001104914588000000000097862009177655257840001300000000000000000002180000000000                 
1040001300098U 0600000000000000000000000000617200000000000000000000000000617200000000003085800000000001851400000000000000000000000000000004052010060520101100        000000000000000AUTOMACAO                     930                           
1040001300099T 0600249600300000286080D00000000000000000001               30042010000000000000000104006890                         090000717260040001104934588000000000097862009177717260040001300000000000000000002180000000000                 
1040001300100U 0600000000000000000000000000763300000000000000000000000000763300000000003816300000000002289700000000000000000000000000000004052010060520101100        000000000000000AUTOMACAO                     930                           
10400015         00010000000000000000000000000000000000000000000000000000000000000000000000000000000000000000509123                           00000000000000000000000000000                                                                     
10499999         000001000104000000000              00000 000000000000                                                                        00000000000000000000000000000                                                                     
