10400000         243070481000114186200              00249600300000286080SINEMPEDIFPORTCAB MUN SP      CAIXA ECONOMICA FEDERAL                 20804201004181800124306000000                                                                     
10400011T01  030 2043070481000114186200              00249600300000286080SINEMPEDIFPORTCAB MUN SP      200501                                  000000                                  000000000804201000000000                                 
1040001300001T 0600249600300000286080D00000000000000000001               30042010000000000000000341037575                         090000002190114033104994588000000000097862009177002190114033300000000000000000002220000000000                 
1040001300002U 0600000000000000000000000000045500000000000000000000000000045500000000000227400000000000136400000000000000000000000000000005042010080420101900        000000000000000CIP COMPENSACAO               930                           
1040001300003T 0600249600300000286080D00000000000000000001               30042010000000000000000399003336                         090000002190219515104934588000000000097862009177002190219515300000000000000000002220000000000                 
1040001300004U 0600000000000000000000000000049800000000000000000000000000049800000000000249000000000000149400000000000000000000000000000005042010080420101900        000000000000000CIP COMPENSACAO               930                           
1040001300005T 0600249600300000286080D00000000000000000001               30042010000000000000000341007285                         090000002190223387104964588000000000097862009177002190223387300000000000000000002220000000000                 
1040001300006U 0600000000000000000000000000103200000000000000000000000000103200000000000516200000000000309800000000000000000000000000000005042010080420101900        000000000000000CIP COMPENSACAO               930                           
1040001300007T 0600249600300000286080D00000000000000000001               30042010000000000002267341016640                         090000004363140001104954588000000226797862008177004363140001110000000000000000002220000000000                 
1040001300008U 0600000000000000000000000000045300000000000000000000000000045300000000000226700000000000136100000000000000000000000000000005042010080420101900        000000000000000CIP COMPENSACAO               811                           
1040001300009T 0600249600300000286080D00000000000000000001               30042010000000000000000341029700                         090000015975150001104944588000000000097862009177015975150001300000000000000000002220000000000                 
1040001300010U 0600000000000000000000000000429200000000000000000000000000429200000000002146000000000001287600000000000000000000000000000005042010080420101900        000000000000000CIP COMPENSACAO               930                           
1040001300011T 0600249600300000286080D00000000000000000001               30042010000000000000000341001503                         090000024874260001104934588000000000097862009177024874260001300000000000000000002220000000000                 
1040001300012U 0600000000000000000000000000107000000000000000000000000000107000000000000535200000000000321200000000000000000000000000000005042010080420101900        000000000000000CIP COMPENSACAO               930                           
1040001300013T 0600249600300000286080D00000000000000000001               07101997000000000000000341001490                         090000030050100001104900000000000000097862009177030050100001300000000000000000002220000000000                 
1040001300014U 0600000000000000000000000000046900000000000000000000000000046900000000000234700000000000140900000000000000000000000000000005042010080420101900        000000000000000CIP COMPENSACAO               930                           
1040001300015T 0600249600300000286080D00000000000000000001               30042010000000000000000237037796                         090000035193050001104994588000000000097862009177035193050001300000000000000000002220000000000                 
1040001300016U 0600000000000000000000000000252800000000000000000000000000252800000000001264200000000000758600000000000000000000000000000005042010080420101900        000000000000000CIP COMPENSACAO               930                           
1040001300017T 0600249600300000286080D00000000000000000001               30042010000000000000000341029220                         090000035388230001104934588000000000097862009177035388230001300000000000000000002220000000000                 
1040001300018U 0600000000000000000000000000036700000000000000000000000000036700000000000183600000000000110200000000000000000000000000000005042010080420101900        000000000000000CIP COMPENSACAO               930                           
1040001300019T 0600249600300000286080D00000000000000000001               30042010000000000000000237013226                         090000042363060001104914588000000000097862009177042363060001300000000000000000002220000000000                 
1040001300020U 0600000000000000000000000000186200000000000000000000000000186200000000000931200000000000558800000000000000000000000000000005042010080420101900        000000000000000CIP COMPENSACAO               930                           
1040001300021T 0600249600300000286080D00000000000000000001               30042010000000000000000341079391                         090000046832610001104914588000000000097862009177046832610001300000000000000000002220000000000                 
1040001300022U 0600000000000000000000000000053000000000000000000000000000053000000000000265000000000000159000000000000000000000000000000005042010080420101900        000000000000000CIP COMPENSACAO               930                           
1040001300023T 0600249600300000286080D00000000000000000001               07101997000000000000000341029602                         090000062680090001104900000000000000097862009177062680090001300000000000000000002220000000000                 
1040001300024U 0600000000000000000000000000428300000000000000000000000000428300000000002141600000000001285000000000000000000000000000000005042010080420101900        000000000000000CIP COMPENSACAO               930                           
1040001300025T 0600249600300000286080D00000000000000000001               30042010000000000000000237025739                         090000538219630001104964588000000000097862009177538219630001300000000000000000002220000000000                 
1040001300026U 0600000000000000000000000000044900000000000000000000000000044900000000000224700000000000134900000000000000000000000000000005042010080420101900        000000000000000CIP COMPENSACAO               930                           
1040001300027T 0600249600300000286080D00000000000000000001               30042010000000000000000237025739                         090000538227710001104934588000000000097862009177538227710001300000000000000000002220000000000                 
1040001300028U 0600000000000000000000000000260200000000000000000000000000260200000000001301100000000000780700000000000000000000000000000005042010080420101900        000000000000000CIP COMPENSACAO               930                           
1040001300029T 0600249600300000286080D00000000000000000001               30042010000000000000000237014320                         090000538279780001104954588000000000097862009177538279780001300000000000000000002220000000000                 
1040001300030U 0600000000000000000000000000398700000000000000000000000000398700000000001993600000000001196200000000000000000000000000000005042010080420101900        000000000000000CIP COMPENSACAO               930                           
1040001300031T 0600249600300000286080D00000000000000000001               30042010000000000000000237013226                         090000538368700001104944588000000000097862009177538368700001300000000000000000002220000000000                 
1040001300032U 0600000000000000000000000000031700000000000000000000000000031700000000000158600000000000095200000000000000000000000000000005042010080420101900        000000000000000CIP COMPENSACAO               930                           
1040001300033T 0600249600300000286080D00000000000000000001               30042010000000000000000341063282                         090000539938380001104914588000000000097862009177539938380001300000000000000000002220000000000                 
1040001300034U 0600000000000000000000000000467300000000000000000000000000467300000000002336600000000001402000000000000000000000000000000005042010080420101900        000000000000000CIP COMPENSACAO               930                           
1040001300035T 0600249600300000286080D00000000000000000001               30042010000000000000000341037630                         090000540286590001104984588000000000097862009177540286590001300000000000000000002220000000000                 
1040001300036U 0600000000000000000000000000180200000000000000000000000000180200000000000900900000000000540500000000000000000000000000000005042010080420101900        000000000000000CIP COMPENSACAO               930                           
1040001300037T 0600249600300000286080D00000000000000000001               30042010000000000000000341000272                         090000540730360001104924588000000000097862009177540730360001300000000000000000002220000000000                 
1040001300038U 0600000000000000000000000000060200000000000000000000000000060200000000000301000000000000180600000000000000000000000000000005042010080420101900        000000000000000CIP COMPENSACAO               930                           
1040001300039T 0600249600300000286080D00000000000000000001               30042010000000000000000237009628                         090000542025930001104954588000000000097862009177542025930001300000000000000000002220000000000                 
1040001300040U 0600000000000000000000000000110600000000000000000000000000110600000000000552900000000000331700000000000000000000000000000005042010080420101900        000000000000000CIP COMPENSACAO               930                           
1040001300041T 0600249600300000286080D00000000000000000001               30042010000000000000000033003891                         090000542838660001104914588000000000097862009177542838660001300000000000000000002220000000000                 
1040001300042U 0600000000000000000000000000436100000000000000000000000000436100000000002180400000000001308200000000000000000000000000000005042010080420101900        000000000000000CIP COMPENSACAO               930                           
1040001300043T 0600249600300000286080D00000000000000000001               30042010000000000000000341029378                         090000544635670001104974588000000000097862009177544635670001300000000000000000002220000000000                 
1040001300044U 0600000000000000000000000000147700000000000000000000000000147700000000000738700000000000443300000000000000000000000000000005042010080420101900        000000000000000CIP COMPENSACAO               930                           
1040001300045T 0600249600300000286080D00000000000000000001               30042010000000000000000341001929                         090000544898360001104914588000000000097862009177544898360001300000000000000000002220000000000                 
1040001300046U 0600000000000000000000000000373500000000000000000000000000373500000000001867300000000001120300000000000000000000000000000005042010080420101900        000000000000000CIP COMPENSACAO               930                           
1040001300047T 0600249600300000286080D00000000000000000001               30042010000000000000000356009270                         090000545312980001104904588000000000097862009177545312980001300000000000000000002220000000000                 
1040001300048U 0600000000000000000000000000490200000000000000000000000000490200000000002451100000000001470700000000000000000000000000000005042010080420101900        000000000000000CIP COMPENSACAO               930                           
1040001300049T 0600249600300000286080D00000000000000000001               30042010000000000000000341006173                         090000545325690001104914588000000000097862009177545325690001300000000000000000002220000000000                 
1040001300050U 0600000000000000000000000000192900000000000000000000000000192900000000000964500000000000578700000000000000000000000000000005042010080420101900        000000000000000CIP COMPENSACAO               930                           
1040001300051T 0600249600300000286080D00000000000000000001               30042010000000000000000033002968                         090000545346230001104914588000000000097862009177545346230001300000000000000000002220000000000                 
1040001300052U 0600000000000000000000000000117100000000000000000000000000117100000000000585700000000000351500000000000000000000000000000005042010080420101900        000000000000000CIP COMPENSACAO               930                           
1040001300053T 0600249600300000286080D00000000000000000001               30042010000000000000000237008370                         090000545354140001104924588000000000097862009177545354140001300000000000000000002220000000000                 
1040001300054U 0600000000000000000000000000506700000000000000000000000000506700000000002533700000000001520300000000000000000000000000000005042010080420101900        000000000000000CIP COMPENSACAO               930                           
1040001300055T 0600249600300000286080D00000000000000000001               30042010000000000000000033000833                         090000545394730001104914588000000000097862009177545394730001300000000000000000002220000000000                 
1040001300056U 0600000000000000000000000000192600000000000000000000000000192600000000000963100000000000577900000000000000000000000000000005042010080420101900        000000000000000CIP COMPENSACAO               930                           
1040001300057T 0600249600300000286080D00000000000000000001               30042010000000000000000033001457                         090000546079240001104964588000000000097862009177546079240001300000000000000000002220000000000                 
1040001300058U 0600000000000000000000000000045000000000000000000000000000045000000000000225000000000000135000000000000000000000000000000005042010080420101900        000000000000000CIP COMPENSACAO               930                           
1040001300059T 0600249600300000286080D00000000000000000001               30042010000000000005661341003336                         090000547470840001104914588000000566197862008177547470840001110000000000000000002220000000000                 
1040001300060U 0600000000000000000000000000113200000000000000000000000000113200000000000566100000000000339700000000000000000000000000000005042010080420101900        000000000000000CIP COMPENSACAO               811                           
1040001300061T 0600249600300000286080D00000000000000000001               30042010000000000000000237001260                         090000552935180001104934588000000000097862009177552935180001300000000000000000002220000000000                 
1040001300062U 0600000000000000000000000000284200000000000000000000000000284200000000001421100000000000852700000000000000000000000000000005042010080420101900        000000000000000CIP COMPENSACAO               930                           
1040001300063T 0600249600300000286080D00000000000000000001               30042010000000000003094033002356                         090000552957110001104914588000000309497862008177552957110001110000000000000000002220000000000                 
1040001300064U 0600000000000000000000000000061900000000000000000000000000061900000000000309400000000000185600000000000000000000000000000005042010080420101900        000000000000000CIP COMPENSACAO               811                           
1040001300065T 0600249600300000286080D00000000000000000001               30042010000000000000000341001678                         090000554028950001104914588000000000097862009177554028950001300000000000000000002220000000000                 
1040001300066U 0600000000000000000000000000441000000000000000000000000000441000000000002205200000000001323200000000000000000000000000000005042010080420101900        000000000000000CIP COMPENSACAO               930                           
1040001300067T 0600249600300000286080D00000000000000000001               30042010000000000000000341004456                         090000565752690001104934588000000000097862009177565752690001300000000000000000002220000000000                 
1040001300068U 0600000000000000000000000000338000000000000000000000000000338000000000001690000000000001014000000000000000000000000000000005042010080420101900        000000000000000CIP COMPENSACAO               930                           
1040001300069T 0600249600300000286080D00000000000000000001               07101997000000000000000341071307                         090000578146910001104900000000000000097862009177578146910001300000000000000000002220000000000                 
1040001300070U 0600000000000000000000000000227200000000000000000000000000227200000000001135800000000000681400000000000000000000000000000005042010080420101900        000000000000000CIP COMPENSACAO               930                           
1040001300071T 0600249600300000286080D00000000000000000001               30042010000000000017175341007412                         090000580077820001104994588000001717597862008177580077820001110000000000000000002220000000000                 
1040001300072U 0600000000000000000000000000343500000000000000000000000000343500000000001717500000000001030500000000000000000000000000000005042010080420101900        000000000000000CIP COMPENSACAO               811                           
1040001300073T 0600249600300000286080D00000000000000000001               30042010000000000000000341004405                         090000581171360001104954588000000000097862009177581171360001300000000000000000002220000000000                 
1040001300074U 0600000000000000000000000000195900000000000000000000000000195900000000000979600000000000587800000000000000000000000000000005042010080420101900        000000000000000CIP COMPENSACAO               930                           
1040001300075T 0600249600300000286080D00000000000000000001               30042010000000000000000341002518                         090000592751490001104994588000000000097862009177592751490001300000000000000000002220000000000                 
1040001300076U 0600000000000000000000000000245000000000000000000000000000245000000000001224800000000000734800000000000000000000000000000005042010080420101900        000000000000000CIP COMPENSACAO               930                           
1040001300077T 0600249600300000286080D00000000000000000001               30042010000000000000000341001376                         090000615805100001104954588000000000097862009177615805100001300000000000000000002220000000000                 
1040001300078U 0600000000000000000000000000052700000000000000000000000000052700000000000263700000000000158300000000000000000000000000000005042010080420101900        000000000000000CIP COMPENSACAO               930                           
1040001300079T 0600249600300000286080D00000000000000000001               30042010000000000000000356008109                         090000627809450001104904588000000000097862009177627809450001300000000000000000002220000000000                 
1040001300080U 0600000000000000000000000000101900000000000000000000000000101900000000000509300000000000305500000000000000000000000000000005042010080420101900        000000000000000CIP COMPENSACAO               930                           
1040001300081T 0600249600300000286080D00000000000000000001               30042010000000000000000237020036                         090000657184540001104984588000000000097862009177657184540001300000000000000000002220000000000                 
1040001300082U 0600000000000000000000000000049000000000000000000000000000049000000000000244900000000000146900000000000000000000000000000005042010080420101900        000000000000000CIP COMPENSACAO               930                           
1040001300083T 0600249600300000286080D00000000000000000001               30042010000000000000000237004960                         090000660520440001104914588000000000097862009177660520440001300000000000000000002220000000000                 
1040001300084U 0600000000000000000000000000220700000000000000000000000000220700000000001103300000000000661900000000000000000000000000000005042010080420101900        000000000000000CIP COMPENSACAO               930                           
1040001300085T 0600249600300000286080D00000000000000000001               30042010000000000000000033020087                         090000666636830001104914588000000000097862009177666636830001300000000000000000002220000000000                 
1040001300086U 0600000000000000000000000000519900000000000000000000000000519900000000002599300000000001559500000000000000000000000000000005042010080420101900        000000000000000CIP COMPENSACAO               930                           
1040001300087T 0600249600300000286080D00000000000000000001               30042010000000000000000341000817                         090000666650680001104974588000000000097862009177666650680001300000000000000000002220000000000                 
1040001300088U 0600000000000000000000000000267800000000000000000000000000267800000000001339000000000000803400000000000000000000000000000005042010080420101900        000000000000000CIP COMPENSACAO               930                           
1040001300089T 0600249600300000286080D00000000000000000001               07101997000000000000000341016187                         090000679782700001104900000000000000097862006177679782700001810000000000000000002220000000000                 
1040001300090U 0600000000000000000000000000049000000000000000000000000000049000000000000244900000000000146900000000000000000000000000000005042010080420101900        000000000000000CIP COMPENSACAO               681                           
1040001300091T 0600249600300000286080D00000000000000000001               30042010000000000000000341004286                         090000691078370001104974588000000000097862009177691078370001300000000000000000002220000000000                 
1040001300092U 0600000000000000000000000000239500000000000000000000000000239500000000001197300000000000718300000000000000000000000000000005042010080420101900        000000000000000CIP COMPENSACAO               930                           
1040001300093T 0600249600300000286080D00000000000000000001               30042010000000000004511033001163                         090000691220260001104934588000000451197862009177691220260001490000000000000000002220000000000                 
1040001300094U 0600000000000000000000000000090200000000000000000000000000090200000000000451100000000000270700000000000000000000000000000005042010080420101900        000000000000000CIP COMPENSACAO               949                           
1040001300095T 0600249600300000286080D00000000000000000001               30042010000000000000000237001198                         090000717258730001104914588000000000097862009177717258730001300000000000000000002220000000000                 
1040001300096U 0600000000000000000000000000062000000000000000000000000000062000000000000309900000000000185900000000000000000000000000000005042010080420101900        000000000000000CIP COMPENSACAO               930                           
1040001300097T 0600249600300000286080D00000000000000000001               30042010000000000000000237001317                         090000717352450001104994588000000000097862009177717352450001300000000000000000002220000000000                 
1040001300098U 0600000000000000000000000000227700000000000000000000000000227700000000001138600000000000683200000000000000000000000000000005042010080420101900        000000000000000CIP COMPENSACAO               930                           
1040001300099T 0600249600300000286080D00000000000000000001               30042010000000000000000104040703                         090000542770250001104984588000000000097862009177542770250001300000000000000000002180000000000                 
1040001300100U 0600000000000000000000000000384800000000000000000000000000384800000000001923800000000001154200000000000000000000000000000006042010080420101100        000000000000000AUTOMACAO                     930                           
1040001300101T 0600249600300000286080D00000000000000000001               30042010000000000000000104002429                         090000573486900001104934588000000000097862009177573486900001300000000000000000001090000000000                 
1040001300102U 0600000000000000000000000000045400000000000000000000000000045400000000000227000000000000136200000000000000000000000000000006042010080420101700        000000000000000LOTERICOS SISPL               930                           
1040001300103T 0600249600300000286080D00000000000000000001               30042010000000000000000104040703                         090000625686050001104954588000000000097862009177625686050001300000000000000000000430000000000                 
1040001300104U 06000000000000000000000000002108000000000000000000000000002108000000000010541000000000006325000000000000000000000000000000060420100804201012I0        000000000000000INTERNET                      930                           
10400015         00010400000000000000000000000000000000000000000000000000000000000000000000000000000000000000318338                           00000000000000000000000000000                                                                     
10499999         000001000108000000000              00000 000000000000                                                                        00000000000000000000000000000                                                                     
