10400000         243070481000114186200              00249600300000286080SINEMPEDIFPORTCAB MUN SP      CAIXA ECONOMICA FEDERAL                 23003201005085300123706000000                                                                     
10400011T01  030 2043070481000114186200              00249600300000286080SINEMPEDIFPORTCAB MUN SP      200501                                  000000                                  000000003003201000000000                                 
1040001300001T 0600249600300000286080D00000000000000000001               30042010000000000008745001033260                         090000113388670001104924588000000874597862006177113388670001820000000000000000002220000000000                 
1040001300002U 0600000000000000000000000000174900000000000000000000000000174900000000000874500000000000524700000000000000000000000000000025032010300320101900        000000000000000CIP COMPENSACAO               682                           
1040001300003T 0600249600300000286080D00000000000000000001               30042010000000000000000237023264                         090000570651200001104944588000000000097862009177570651200001300000000000000000002220000000000                 
1040001300004U 0600000000000000000000000000044900000000000000000000000000044900000000000224500000000000134700000000000000000000000000000025032010300320101900        000000000000000CIP COMPENSACAO               930                           
1040001300005T 0600249600300000286080D00000000000000000001               30032010000000000037762104028800                         090000107103070001104914557000003776297862008177107103070001110000000000000000002180000000000                 
1040001300006U 0600000000000000000000000000755200000000000000000000000000755200000000003776200000000002265800000000000000000000000000000026032010300320101100        000000000000000AUTOMACAO                     811                           
1040001300007T 0600249600300000286080D00000000000000000001               30032010000000000002733104028800                         090000128846200011104984557000000273397862008177128846200011110000000000000000002180000000000                 
1040001300008U 0600000000000000000000000000054700000000000000000000000000054700000000000273300000000000163900000000000000000000000000000026032010300320101100        000000000000000AUTOMACAO                     811                           
1040001300009T 0600249600300000286080D00000000000000000001               30032010000000000003333104028800                         090000309027900013104924557000000333397862008177309027900013110000000000000000002180000000000                 
1040001300010U 0600000000000000000000000000066700000000000000000000000000066700000000000333300000000000199900000000000000000000000000000026032010300320101100        000000000000000AUTOMACAO                     811                           
1040001300011T 0600249600300000286080D00000000000000000001               30032010000000000003716104028800                         090000607401800001104954557000000371697862008177607401800001110000000000000000002180000000000                 
1040001300012U 0600000000000000000000000000074300000000000000000000000000074300000000000371600000000000223000000000000000000000000000000026032010300320101100        000000000000000AUTOMACAO                     811                           
10400015         00001200000000000000000000000000000000000000000000000000000000000000000000000000000000000000035120                           00000000000000000000000000000                                                                     
10499999         000001000016000000000              00000 000000000000                                                                        00000000000000000000000000000                                                                     
