10400000         243070481000114186200              00249600300000286080SINEMPEDIFPORTCAB MUN SP      CAIXA ECONOMICA FEDERAL                 22106201004564200129206000000                                                                     
10400011T01  030 2043070481000114186200              00249600300000286080SINEMPEDIFPORTCAB MUN SP      200501                                  000000                                  000000002106201000000000                                 
1040001300001T 0600249600300000286080D00000000000000000001               30062010000000000004698341002526                         090000004279800001104954649000000469897862008177004279800001110000000000000000002220000000000                 
1040001300002U 0600000000000000000000000000094000000000000000000000000000094000000000000469800000000000281800000000000000000000000000000016062010210620101900        000000000000000CIP COMPENSACAO               811                           
1040001300003T 0600249600300000286080D00000000000000000001               30062010000000000028165341006823                         090000042750880001104954649000002816597862008177042750880001110000000000000000002220000000000                 
1040001300004U 0600000000000000000000000000563300000000000000000000000000563300000000002816500000000001689900000000000000000000000000000016062010210620101900        000000000000000CIP COMPENSACAO               811                           
1040001300005T 0600249600300000286080D00000000000000000001               30062010000000000022532237001015                         090000057618390001104944649000002253297862008177057618390001110000000000000000002220000000000                 
1040001300006U 0600000000000000000000000000450600000000000000000000000000450600000000002253200000000001352000000000000000000000000000000016062010210620101900        000000000000000CIP COMPENSACAO               811                           
1040001300007T 0600249600300000286080D00000000000000000001               30062010000000000039431341006823                         090000070926160001104964649000003943197862008177070926160001110000000000000000002220000000000                 
1040001300008U 0600000000000000000000000000788600000000000000000000000000788600000000003943100000000002365900000000000000000000000000000016062010210620101900        000000000000000CIP COMPENSACAO               811                           
1040001300009T 0600249600300000286080D00000000000000000001               30062010000000000011266341006823                         090000658855840001104984649000001126697862008177658855840001110000000000000000002220000000000                 
1040001300010U 0600000000000000000000000000225300000000000000000000000000225300000000001126600000000000676000000000000000000000000000000016062010210620101900        000000000000000CIP COMPENSACAO               811                           
1040001300011T 0600249600300000286080D00000000000000000001               30062010000000000039186341006823                         090000740327560001104974649000003918697862008177740327560001110000000000000000002220000000000                 
1040001300012U 0600000000000000000000000000783700000000000000000000000000783700000000003918600000000002351200000000000000000000000000000016062010210620101900        000000000000000CIP COMPENSACAO               811                           
10400015         00001200000000000000000000000000000000000000000000000000000000000000000000000000000000000000087168                           00000000000000000000000000000                                                                     
10499999         000001000016000000000              00000 000000000000                                                                        00000000000000000000000000000                                                                     
