10400000         243070481000114186200              00249600300000286080SINEMPEDIFPORTCAB MUN SP      CAIXA ECONOMICA FEDERAL                 22503201004063000123406000000                                                                     
10400011T01  030 2043070481000114186200              00249600300000286080SINEMPEDIFPORTCAB MUN SP      200501                                  000000                                  000000002503201000000000                                 
1040001300001T 0600249600300000286080D00000000000000000001               22032010000000000002245341007587                         090000040037930001104954549000000224597862008177040037930001110000000000000000002220000000000                 
1040001300002U 0600000000000000000000000000044900000000000000000000000000044900000000000224500000000000134700000000000000000000000000000022032010250320101900        000000000000000CIP COMPENSACAO               811                           
1040001300003T 0600249600300000286080D00000000000000000001               07101997000000000002245356008885                         090000079016650001104900000000000224597862008177079016650001110000000000000000002220000000000                 
1040001300004U 0600000000000000000000000000044900000000000000000000000000044900000000000224500000000000134700000000000000000000000000000022032010250320101900        000000000000000CIP COMPENSACAO               811                           
1040001300005T 0600249600300000286080D00000000000000000001               22032010000000000002252341007587                         090000096219180001104994549000000225297862008177096219180001110000000000000000002220000000000                 
1040001300006U 0600000000000000000000000000045000000000000000000000000000045000000000000225200000000000135200000000000000000000000000000022032010250320101900        000000000000000CIP COMPENSACAO               811                           
1040001300007T 0600249600300000286080D00000000000000000001               22032010000000000002467341007587                         090000102024820001104934549000000246797862008177102024820001110000000000000000002220000000000                 
1040001300008U 0600000000000000000000000000049300000000000000000000000000049300000000000246700000000000148100000000000000000000000000000022032010250320101900        000000000000000CIP COMPENSACAO               811                           
1040001300009T 0600249600300000286080D00000000000000000001               22032010000000000008249341007587                         090000106798390001104914549000000824997862008177106798390001110000000000000000002220000000000                 
1040001300010U 0600000000000000000000000000165000000000000000000000000000165000000000000824900000000000494900000000000000000000000000000022032010250320101900        000000000000000CIP COMPENSACAO               811                           
1040001300011T 0600249600300000286080D00000000000000000001               30032010000000000002820341007366                         090000538181750001104954557000000282097862008177538181750001110000000000000000002220000000000                 
1040001300012U 0600000000000000000000000000056400000000000000000000000000056400000000000282000000000000169200000000000000000000000000000022032010250320101900        000000000000000CIP COMPENSACAO               811                           
1040001300013T 0600249600300000286080D00000000000000000001               22032010000000000003077341007587                         090000542186150001104974549000000307797862008177542186150001110000000000000000002220000000000                 
1040001300014U 0600000000000000000000000000061500000000000000000000000000061500000000000307700000000000184700000000000000000000000000000022032010250320101900        000000000000000CIP COMPENSACAO               811                           
1040001300015T 0600249600300000286080D00000000000000000001               30092009000000000000000104028622                         090000650894760001104984376000000000097862009177650894760001300000000000000000002180000000000                 
1040001300016U 0600000000000000000000000000067800000000000000000000000000067800000000000339000000000000203400000000000000000000000000000023032010250320101100        000000000000000AUTOMACAO                     930                           
10400015         00001600000000000000000000000000000000000000000000000000000000000000000000000000000000000000016049                           00000000000000000000000000000                                                                     
10499999         000001000020000000000              00000 000000000000                                                                        00000000000000000000000000000                                                                     
