10400000         243070481000114186200              00249600300000286080SINEMPEDIFPORTCAB MUN SP      CAIXA ECONOMICA FEDERAL                 23006201004404700129906000000                                                                     
10400011T01  030 2043070481000114186200              00249600300000286080SINEMPEDIFPORTCAB MUN SP      200501                                  000000                                  000000003006201000000000                                 
1040001300001T 0600249600300000286080D00000000000000000001               30062010000000000002500422000973                         090000008404580001104944649000000250097862008177008404580001110000000000000000002220000000000                 
1040001300002U 0600000000000000000000000000050000000000000000000000000000050000000000000250000000000000150000000000000000000000000000000025062010300620101900        000000000000000CIP COMPENSACAO               811                           
1040001300003T 0600249600300000286080D00000000000000000001               30062010000000000000000033001120                         090000015383550001104954649000000000097862009177015383550001300000000000000000002220000000000                 
1040001300004U 0600000000000000000000000000045400000000000000000000000000045400000000000227100000000000136300000000000000000000000000000025062010300620101900        000000000000000CIP COMPENSACAO               930                           
1040001300005T 0600249600300000286080D00000000000000000001               30062010000000000004452341001902                         090000045587940001104914649000000445297862008177045587940001110000000000000000002220000000000                 
1040001300006U 0600000000000000000000000000089000000000000000000000000000089000000000000445200000000000267200000000000000000000000000000025062010300620101900        000000000000000CIP COMPENSACAO               811                           
1040001300007T 0600249600300000286080D00000000000000000001               30062010000000000000000104015970                         090000056124180001104914649000000000097862009177056124180001300000000000000000002180000000000                 
1040001300008U 0600000000000000000000000000056800000000000000000000000000056800000000000283800000000000170200000000000000000000000000000025062010300620102100        000000000000000AUTOMACAO                     930                           
1040001300009T 0600249600300000286080D00000000000000000001               30062010000000000003065341007420                         090000059301130001104924649000000306597862008177059301130001110000000000000000002220000000000                 
1040001300010U 0600000000000000000000000000061300000000000000000000000000061300000000000306500000000000183900000000000000000000000000000025062010300620101900        000000000000000CIP COMPENSACAO               811                           
1040001300011T 0600249600300000286080D00000000000000000001               30062010000000000002250341003506                         090000096351420001104974649000000225097862008177096351420001110000000000000000002220000000000                 
1040001300012U 0600000000000000000000000000045000000000000000000000000000045000000000000225000000000000135000000000000000000000000000000025062010300620101900        000000000000000CIP COMPENSACAO               811                           
1040001300013T 0600249600300000286080D00000000000000000001               25062010000000000003640341001384                         090000195948700010104954644000000364097862008177195948700010110000000000000000002220000000000                 
1040001300014U 0600000000000000000000000000072800000000000000000000000000072800000000000364000000000000218400000000000000000000000000000025062010300620101900        000000000000000CIP COMPENSACAO               811                           
1040001300015T 0600249600300000286080D00000000000000000001               30062010000000000002245341037630                         090000219021285303104974649000000224597862006177219021285303810000000000000000002220000000000                 
1040001300016U 0600000000000000000000000000044900000000000000000000000000044900000000000224500000000000134700000000000000000000000000000025062010300620101900        000000000000000CIP COMPENSACAO               681                           
1040001300017T 0600249600300000286080D00000000000000000001               30062010000000000002840422000973                         090000538343210001104984649000000284097862008177538343210001110000000000000000002220000000000                 
1040001300018U 0600000000000000000000000000056800000000000000000000000000056800000000000284000000000000170400000000000000000000000000000025062010300620101900        000000000000000CIP COMPENSACAO               811                           
1040001300019T 0600249600300000286080D00000000000000000001               30062010000000000000000341043001                         090000538346930001104964649000000000097862009177538346930001300000000000000000002220000000000                 
1040001300020U 0600000000000000000000000000045600000000000000000000000000045600000000000228000000000000136800000000000000000000000000000025062010300620101900        000000000000000CIP COMPENSACAO               930                           
1040001300021T 0600249600300000286080D00000000000000000001               30062010000000000002473341016187                         090000540582760001104944649000000247397862008177540582760001110000000000000000002220000000000                 
1040001300022U 0600000000000000000000000000049500000000000000000000000000049500000000000247300000000000148300000000000000000000000000000025062010300620101900        000000000000000CIP COMPENSACAO               811                           
1040001300023T 0600249600300000286080D00000000000000000001               30062010000000000002673422000973                         090000542389280001104974649000000267397862008177542389280001110000000000000000002220000000000                 
1040001300024U 0600000000000000000000000000053500000000000000000000000000053500000000000267300000000000160300000000000000000000000000000025062010300620101900        000000000000000CIP COMPENSACAO               811                           
1040001300025T 0600249600300000286080D00000000000000000001               25062010000000000003481237003689                         090000547449820001104944644000000348197862008177547449820001110000000000000000002220000000000                 
1040001300026U 0600000000000000000000000000069600000000000000000000000000069600000000000348100000000000208900000000000000000000000000000025062010300620101900        000000000000000CIP COMPENSACAO               811                           
1040001300027T 0600249600300000286080D00000000000000000001               30062010000000000002245237003018                         090000549335280001104954649000000224597862009177549335280001430000000000000000002220000000000                 
1040001300028U 0600000000000000000000000000044900000000000000000000000000044900000000000224500000000000134700000000000000000000000000000025062010300620101900        000000000000000CIP COMPENSACAO               943                           
1040001300029T 0600249600300000286080D00000000000000000001               29062010000000000003791237038431                         090000563172580001104924648000000379197862008177563172580001110000000000000000002220000000000                 
1040001300030U 0600000000000000000000000000075800000000000000000000000000075800000000000379100000000000227500000000000000000000000000000025062010300620101900        000000000000000CIP COMPENSACAO               811                           
1040001300031T 0600249600300000286080D00000000000000000001               30062010000000000002889237019453                         090000570096070001104984649000000288997862008177570096070001110000000000000000002220000000000                 
1040001300032U 0600000000000000000000000000057800000000000000000000000000057800000000000288900000000000173300000000000000000000000000000025062010300620101900        000000000000000CIP COMPENSACAO               811                           
1040001300033T 0600249600300000286080D00000000000000000001               30062010000000000002245237000310                         090000609080920001104924649000000224597862006177609080920001820000000000000000002220000000000                 
1040001300034U 0600000000000000000000000000044900000000000000000000000000044900000000000224500000000000134700000000000000000000000000000025062010300620101900        000000000000000CIP COMPENSACAO               682                           
1040001300035T 0600249600300000286080D00000000000000000001               30042010000000000011432104002593                         090000613892680001104964588000001143297862008177613892680001110000000000000000002180000000000                 
1040001300036U 0600000000000159900000000000228600000000000000000000000000228600000000001303100000000000845900000000000000000000000000000028062010300620101100        000000000000000AUTOMACAO                     811                           
10400015         00003600000000000000000000000000000000000000000000000000000000000000000000000000000000000000037365                           00000000000000000000000000000                                                                     
10499999         000001000040000000000              00000 000000000000                                                                        00000000000000000000000000000                                                                     
