10400000         243070481000114186200              00249600300000286080SINEMPEDIFPORTCAB MUN SP      CAIXA ECONOMICA FEDERAL                 23103201004471000123906000000                                                                     
10400011T01  030 2043070481000114186200              00249600300000286080SINEMPEDIFPORTCAB MUN SP      200501                                  000000                                  000000003103201000000000                                 
1040001300001T 0600249600300000286080D00000000000000000001               30042010000000000005284341002100                         090000020624860001104914588000000528497862008177020624860001120000000000000000002220000000000                 
1040001300002U 0600000000000000000000000000105700000000000000000000000000105700000000000528400000000000317000000000000000000000000000000029032010010420101900        000000000000000CIP COMPENSACAO               812                           
1040001300003T 0600249600300000286080D00000000000000000001               30042010000000000018040341007404                         090000027806160001104954588000001804097862008177027806160001110000000000000000002220000000000                 
1040001300004U 0600000000000000000000000000360800000000000000000000000000360800000000001804000000000001082400000000000000000000000000000029032010010420101900        000000000000000CIP COMPENSACAO               811                           
1040001300005T 0600249600300000286080D00000000000000000001               30042010000000000000000237000906                         090000041600610001104934588000000000097862009177041600610001300000000000000000002220000000000                 
1040001300006U 0600000000000000000000000000051800000000000000000000000000051800000000000259100000000000155500000000000000000000000000000029032010010420101900        000000000000000CIP COMPENSACAO               930                           
1040001300007T 0600249600300000286080D00000000000000000001               30042010000000000000000237000906                         090000041600770001104914588000000000097862009177041600770001300000000000000000002220000000000                 
1040001300008U 0600000000000000000000000000111000000000000000000000000000111000000000000555000000000000333000000000000000000000000000000029032010010420101900        000000000000000CIP COMPENSACAO               930                           
1040001300009T 0600249600300000286080D00000000000000000001               30042010000000000085156237033910                         090000061706790001104914588000008515697862008177061706790001110000000000000000002220000000000                 
1040001300010U 0600000000000000000000000001703100000000000000000000000001703100000000008515600000000005109400000000000000000000000000000029032010010420101900        000000000000000CIP COMPENSACAO               811                           
1040001300011T 0600249600300000286080D00000000000000000001               30032010000000000002680237001058                         090000103857180001104964557000000268097862008177103857180001110000000000000000002220000000000                 
1040001300012U 0600000000000000000000000000053600000000000000000000000000053600000000000268000000000000160800000000000000000000000000000029032010010420101900        000000000000000CIP COMPENSACAO               811                           
1040001300013T 0600249600300000286080D00000000000000000001               30032010000000000002473237001058                         090000476251700017104954557000000247397862008177476251700017110000000000000000002220000000000                 
1040001300014U 0600000000000000000000000000049500000000000000000000000000049500000000000247300000000000148300000000000000000000000000000029032010010420101900        000000000000000CIP COMPENSACAO               811                           
1040001300015T 0600249600300000286080D00000000000000000001               30032010000000000003263237001058                         090000538188780001104914557000000326397862008177538188780001110000000000000000002220000000000                 
1040001300016U 0600000000000000000000000000065300000000000000000000000000065300000000000326300000000000195700000000000000000000000000000029032010010420101900        000000000000000CIP COMPENSACAO               811                           
1040001300017T 0600249600300000286080D00000000000000000001               30032010000000000002246237001058                         090000540691090001104974557000000224697862008177540691090001110000000000000000002220000000000                 
1040001300018U 0600000000000000000000000000044900000000000000000000000000044900000000000224600000000000134800000000000000000000000000000029032010010420101900        000000000000000CIP COMPENSACAO               811                           
1040001300019T 0600249600300000286080D00000000000000000001               30042010000000000001230341006602                         090000541988580001104924588000000123097862008177541988580001110000000000000000002220000000000                 
1040001300020U 0600000000000000000000000000024600000000000000000000000000024600000000000123000000000000073800000000000000000000000000000029032010010420101900        000000000000000CIP COMPENSACAO               811                           
1040001300021T 0600249600300000286080D00000000000000000001               29032010000000000003076237024031                         090000542025100001104964556000000307697862008177542025100001110000000000000000002220000000000                 
1040001300022U 0600000000000000000000000000061500000000000000000000000000061500000000000307600000000000184600000000000000000000000000000029032010010420101900        000000000000000CIP COMPENSACAO               811                           
1040001300023T 0600249600300000286080D00000000000000000001               30042010000000000007989341002100                         090000542077820001104954588000000798997862008177542077820001120000000000000000002220000000000                 
1040001300024U 0600000000000000000000000000159800000000000000000000000000159800000000000798900000000000479300000000000000000000000000000029032010010420101900        000000000000000CIP COMPENSACAO               812                           
1040001300025T 0600249600300000286080D00000000000000000001               30042010000000000000000033007803                         090000543694750001104934588000000000097862009177543694750001300000000000000000002220000000000                 
1040001300026U 0600000000000000000000000000400600000000000000000000000000400600000000002003100000000001201900000000000000000000000000000029032010010420101900        000000000000000CIP COMPENSACAO               930                           
1040001300027T 0600249600300000286080D00000000000000000001               30032010000000000002350237001058                         090000545383920001104914557000000235097862008177545383920001110000000000000000002220000000000                 
1040001300028U 0600000000000000000000000000047000000000000000000000000000047000000000000235000000000000141000000000000000000000000000000029032010010420101900        000000000000000CIP COMPENSACAO               811                           
1040001300029T 0600249600300000286080D00000000000000000001               31032010000000000002893341016187                         090000546609070001104914558000000289397862009177546609070001900000000000000000002220000000000                 
1040001300030U 0600000000000000000000000000057900000000000000000000000000057900000000000289300000000000173500000000000000000000000000000029032010010420101900        000000000000000CIP COMPENSACAO               990                           
1040001300031T 0600249600300000286080D00000000000000000001               30042010000000000002925237001260                         090000595829400001104944588000000292597862008177595829400001110000000000000000002220000000000                 
1040001300032U 0600000000000000000000000000058500000000000000000000000000058500000000000292500000000000175500000000000000000000000000000029032010010420101900        000000000000000CIP COMPENSACAO               811                           
1040001300033T 0600249600300000286080D00000000000000000001               30032010000000000002473237001058                         090000620261820001104984557000000247397862008177620261820001110000000000000000002220000000000                 
1040001300034U 0600000000000000000000000000049500000000000000000000000000049500000000000247300000000000148300000000000000000000000000000029032010010420101900        000000000000000CIP COMPENSACAO               811                           
1040001300035T 0600249600300000286080D00000000000000000001               07101997000000000002250356001368                         090000655172290001104900000000000225097862008177655172290001110000000000000000002220000000000                 
1040001300036U 0600000000000000000000000000045000000000000000000000000000045000000000000225000000000000135000000000000000000000000000000029032010010420101900        000000000000000CIP COMPENSACAO               811                           
1040001300037T 0600249600300000286080D00000000000000000001               30042010000000000006941341006602                         090000668688520001104924588000000694197862008177668688520001110000000000000000002220000000000                 
1040001300038U 0600000000000000000000000000138800000000000000000000000000138800000000000694100000000000416500000000000000000000000000000029032010010420101900        000000000000000CIP COMPENSACAO               811                           
1040001300039T 0600249600300000286080D00000000000000000001               30042010000000000000000399016594                         090000676320340001104944588000000000097862009177676320340001300000000000000000002220000000000                 
1040001300040U 0600000000000000000000000000044900000000000000000000000000044900000000000224500000000000134700000000000000000000000000000029032010010420101900        000000000000000CIP COMPENSACAO               930                           
1040001300041T 0600249600300000286080D00000000000000000001               29032010000000000003676237024031                         090000771076900014104984556000000367697862008177771076900014110000000000000000002220000000000                 
1040001300042U 0600000000000000000000000000073500000000000000000000000000073500000000000367600000000000220600000000000000000000000000000029032010010420101900        000000000000000CIP COMPENSACAO               811                           
10400015         00004200000000000000000000000000000000000000000000000000000000000000000000000000000000000000111216                           00000000000000000000000000000                                                                     
10499999         000001000046000000000              00000 000000000000                                                                        00000000000000000000000000000                                                                     
