10400000         243070481000114186200              00249600300000286080SINEMPEDIFPORTCAB MUN SP      CAIXA ECONOMICA FEDERAL                 21806201004371500129106000000                                                                     
10400011T01  030 2043070481000114186200              00249600300000286080SINEMPEDIFPORTCAB MUN SP      200501                                  000000                                  000000001806201000000000                                 
1040001300001T 0600249600300000286080D00000000000000000001               30042010000000000000000104016543                         090000059723260001104934588000000000097862009177059723260001300000000000000000002180000000000                 
1040001300002U 0600000000000000000000000000111900000000000000000000000000111900000000000559600000000000335800000000000000000000000000000015062010180620102100        000000000000000AUTOMACAO                     930                           
1040001300003T 0600249600300000286080D00000000000000000001               30062010000000000007050237009342                         090000530717100018104914649000000705097862008177530717100018110000000000000000002220000000000                 
1040001300004U 0600000000000000000000000000141000000000000000000000000000141000000000000705000000000000423000000000000000000000000000000015062010180620101900        000000000000000CIP COMPENSACAO               811                           
1040001300005T 0600249600300000286080D00000000000000000001               30042010000000000000000104016543                         090000542028900001104914588000000000097862009177542028900001300000000000000000002180000000000                 
1040001300006U 0600000000000000000000000000357400000000000000000000000000357400000000001787100000000001072300000000000000000000000000000015062010180620102100        000000000000000AUTOMACAO                     930                           
1040001300007T 0600249600300000286080D00000000000000000001               30062010000000000002617341003786                         090000649126600001104944649000000261797862008177649126600001110000000000000000002220000000000                 
1040001300008U 0600000000000000000000000000052300000000000000000000000000052300000000000261700000000000157100000000000000000000000000000015062010180620101900        000000000000000CIP COMPENSACAO               811                           
1040001300009T 0600249600300000286080D00000000000000000001               30042010000000000000000104006890                         090000388933190001104994588000000000097862009177388933190001300000000000000000002180000000000                 
1040001300010U 0600000000000000000000000000257200000000000000000000000000257200000000001286200000000000771800000000000000000000000000000016062010180620101100        000000000000000AUTOMACAO                     930                           
10400015         00001000000000000000000000000000000000000000000000000000000000000000000000000000000000000000027600                           00000000000000000000000000000                                                                     
10499999         000001000014000000000              00000 000000000000                                                                        00000000000000000000000000000                                                                     
